2912 5060
169 235 276 322 ‘en
441 243 1100 328 veoistnirnnrcrinirnnrnruvi
1206 297 1210 302 .

211 425 332 510 li'giosc'
352 423 461 488 tantm
483 423 700 505 paenitentiae
724 419 880 506 molossia
906 441 961 507 pro
987 413 1305 508 peccatomm'venia
1326 423 1376 487 ad'

211 529 336 576 manum
358 509 534 574 sacerdotis
555 509 683 574 deducit
702 511 756 572 vel
776 510 925 592 adduxit,
952 513 1064 574 iterum
1085 510 1227 574 rediviva
1246 509 1370 573 malitia

213 598 255 662 ad
274 599 362 660 vitae
381 596 530 678 pristinae
550 597 662 658 sordes
682 604 833 678 revocet,
859 595 953 678 hujus
978 599 1023 662 rei
1051 615 1149 660 eausa
1169 603 1284 660 sancta
1305 613 1370 678 sy-

214 683 315 747 nodus
345 681 504 744 decernit:
538 688 576 743 ut
603 683 633 744 si
661 682 714 763 qui
751 683 955 765 ingenuorum
983 685 1146 764 utriusque
1175 699 1274 744 sexus
1306 683 1368 744 suli

213 770 338 832 nornine
368 767 581 848 poenitentiae
606 767 639 829 in
666 764 774 830 habitu
801 768 949 851 religioso
970 777 1044 832 sunt
1066 768 1261 848 conversati,
1290 775 1370 848 post

160 905 164 912 .
212 855 294 917 liaec
321 863 427 930 autem
455 870 577 915 comam
603 853 778 915 nutrientes
805 854 858 914 vel
879 856 1074 916 vestimenta
1103 855 1278 916 saecularia
1307 871 1369 915 su-

211 949 337 1015 mentes
357 937 398 1001 ad
419 937 450 1000 id
471 938 554 1020 quod
574 939 761 1021 reliquerant
786 937 943 1030 redierunt
966 949 1020 1002 aut
1039 937 1205 1020 redierint,
1231 940 1270 1001 ab
1294 939 1367 1019 epi-

212 1043 311 1107 seopo
333 1023 474 1087 civitatis
481 1069 491 1105 ,
513 1023 543 1084 in
565 1022 655 1104 cujus
675 1024 828 1086 territorio
850 1033 924 1086 sunt
946 1027 1108 1106 conversi,
1136 1024 1367 1106 comprehensi,

212 1129 319 1176 nimus
355 1109 481 1192 legibus
515 1111 728 1190 poenitentiae
763 1109 795 1170 in
833 1111 1031 1172 monasteriis
1058 1111 1229 1173 subdentur
1255 1111 1364 1174 inviti:
1393 1181 1396 1186 .

213 1197 345 1279 quodsi
366 1195 472 1257 facere
493 1204 621 1275 propter
641 1196 774 1276 aliquem
794 1199 965 1275 potestatis
980 1197 1122 1279 vigorem
1144 1195 1270 1258 difficile
1291 1196 1366 1257 fue·

212 1285 266 1364 rit,
294 1291 370 1344 tunc
390 1281 474 1343 sicut
494 1281 665 1360 priscorum
686 1298 839 1343 canonum
861 1289 1040 1344 statuerunt
1061 1281 1191 1345 decreta
1206 1281 1255 1360 ¹),
1282 1299 1365 1363 quo-

212 1385 314 1450 usque
340 1364 381 1429 ad
407 1365 732 1430 dimissnm‘ordinem
753 1374 949 1428 revertantur
968 1365 1278 1444 excommunicati²)
1301 1365 1365 1428 ha-

212 1455 360 1534 beantur,
379 1450 442 1518 sed
462 1459 497 1514 et
516 1452 566 1534 hi,
586 1453 639 1532 qui
659 1459 732 1532 post
753 1453 1025 1516 commonitionem
1036 1451 1070 1533 ³)
1090 1455 1142 1514 vel
1165 1451 1364 1515 interdictum

212 1555 285 1604 cum
311 1539 390 1620 ipsis
418 1538 724 1601 communicaverint.
766 1537 924 1600 Sacerdos
950 1546 1072 1619 autem,
1102 1538 1142 1601 ad
1170 1557 1263 1620 quem
1288 1557 1366 1618 per-

212 1627 313 1689 tinere
334 1632 522 1704 noscuntur,
540 1621 569 1684 si
591 1641 648 1684 eos
670 1623 808 1704 quolibet
828 1643 958 1684 munere
978 1624 1031 1686 vel
1052 1625 1160 1686 favore
1182 1631 1238 1685 aut
1257 1623 1366 1706 negli-

194 1711 322 1795 ,gentia
351 1708 519 1771 admonere
546 1707 697 1790 noluerit,
722 1707 805 1794 utff)
833 1717 888 1772 aut
915 1717 1114 1772 revertentes
1135 1709 1288 1790 suscipiat
1308 1717 1366 1770 aut

211 1803 452 1860 contemnentes
480 1793 522 1856 de
548 1795 689 1856 ecclesia
716 1791 854 1875 rejiciat,
890 1795 983 1856 simili
1010 1797 1177 1857 sententia
1198 1796 1366 1876 plectatur,

210 1899 376 1966 quousque
397 1880 625 1942 emendationis
638 1878 671 1959 ⁵)
692 1895 800 2025 eorqm
815 1881 860 1943 ab
883 1899 922 1941 eo
942 1882 1103 1944 sententia
1121 1881 1345 1965 promulgetur.

296 2048 427 2130 Antiqui
448 2057 481 2110 et
501 2047 694 2111 sanctissimi
714 2057 766 2110 est
786 2048 890 2133 patris
902 2050 1062 2112 sententia
1074 2067 1176 2132 papae
1188 2046 1364 2131 Leonis⁸),

211 2141 247 2196 ut
267 2136 296 2198 is
318 2135 371 2216 qui
397 2135 429 2196 in
456 2142 564 2196 aetate
592 2133 828 2196 adolescentiae
854 2136 992 2218 positus,
1020 2135 1094 2198 dum
1122 2137 1230 2198 mortis
1255 2136 1365 2198 formi-

210 2219 266 2283 dat
286 2238 413 2299 casum,
444 2220 624 2300 pervenerit
644 2219 685 2280 ad
706 2220 918 2300 poenitentiae
939 2222 1125 2304 remedium,
1156 2221 1184 2284 si
1200 2219 1364 2304 ‘conjuga-

210 2314 265 2368 tus
294 2314 328 2366 et
355 2305 436 2366 forte
465 2304 558 2367 fuerit
583 2303 805 2386 incontinens,
837 2325 879 2367 ne
912 2317 1027 2388 postea
1055 2307 1198 2369 adulterii
1224 2308 1363 2368 incurrat

145 2453 147 2460 ,
210 2391 343 2471 lapsum,
364 2389 474 2453 redeat
495 2389 536 2451 ad
556 2391 720 2471 pristinum
741 2389 920 2475 conjugium
938 2412 1100 2476 quousque
1114 2382 1218 2474 possit
1230 2391 1363 2472 adipisci
1435 2415 1436 2466 l

211 2476 362 2558 temporis
389 2477 571 2538 maturitate
600 2477 812 2538 continentiae
834 2485 970 2540 statum:
1005 2479 1089 2562 quod
1117 2495 1176 2540 nes
1204 2478 1290 2540 sient
1320 2475 1363 2540 de

177 2613 178 2618 ,
209 2561 301 2644 viris,
323 2564 369 2624 ita
390 2569 425 2623 et
446 2562 486 2624 de
507 2562 652 2624 foeminis
672 2580 774 2643 aequo
795 2561 888 2624 modo
910 2581 1079 2627 censemus
1099 2583 1162 2626 non
1189 2562 1361 2645 quidem')

207 2649 397 2731 generaliter
423 2655 457 2709 et
484 2647 625 2730 legitime
635 2645 670 2726 8)
697 2655 916 2729 praeceptum,
946 2649 1004 2712 sed
1033 2657 1161 2712 constat
1185 2667 1204 2710 a
1225 2647 1361 2726 nobw)

208 2752 265 2814 pro
291 2733 428 2796 humana
454 2731 623 2816 fragilitate
652 2732 817 2811 iiidultum,
845 2751 884 2794 ea
908 2732 1072 2798 dumtaxat
1102 2734 1241 2815 ratione,
1266 2733 1304 2796 ut
1331 2735 1362 2796 si

209 2819 254 2899 is,
276 2821 330 2900 qui
349 2818 562 2899 poenitentiae
589 2836 652 2880 non
673 2826 727 2880 cst
746 2811 872 2900 legibus
893 2818 1029 2901 deditus,
1051 2828 1127 2882 ante
1147 2821 1187 2882 ab
1208 2819 1271 2882 hac
1289 2819 1360 2882 vita

208 2901 479 2983 discesseram),
500 2921 592 2984 quam
614 2921 657 2964 ex
677 2919 835 2966 consensu
856 2904 897 2966 ad
918 2907 1142 2968 continentiam
1161 2923 1268 2967 eorum
1286 2903 1361 2966 fue-

208 2989 248 3052 rit
260 2993 270 3028 ¹
282 2987 314 3067 1)
330 3005 506 3072 regressus,
520 2989 683 3069 superstiti
703 3007 766 3050 non
785 2989 880 3050 liceat
896 2987 999 3052 denuo
1020 2992 1062 3054 ad
1078 2991 1206 3054 uxorios
1226 2988 1360 3054 transire

209 3075 392 3155 amplexus:
424 3073 474 3134 sin
499 3082 606 3136 autem
630 3075 713 3136 illius
739 3074 808 3134 vita
837 3075 978 3138 extiterit
1003 3085 1187 3160 superstes,
1215 3075 1269 3156 qui
1289 3081 1359 3148 inan

207 3159 335 3240 aceepit
354 3157 605 3221 benedictionem
624 3158 679 3238 ¹²)
705 3159 913 3242 poenitentis,
942 3163 1056 3245 nubat,
1084 3164 1113 3225 si
1139 3181 1176 3224 se
1197 3161 1360 3222 continere

207 3263 270 3308 non
290 3252 413 3326 potest,
434 3246 618 3308 et-alterius
636 3243 690 3324 18)
718 3245 889 3308 consertio,
906 3246 1024 3310 duston
1048 3248 1174 3310 uxoris:
1207 3243 1291 3327 quod
1318 3245 1359 3306 de

129 3359 132 3364 ·
206 3340 342 3410 utroque
359 3347 441 3392 sexu
458 3329 638 3410 parimodo
660 3348 680 3392 a
699 3331 790 3392 nobis
810 3328 1010 3394 manifestum
1030 3341 1083 3395 est
1098 3332 1293 3412 decrevisse,
1312 3330 1361 3392 ita
1435 3387 1436 3398 ,

208 3415 374 3496 videlicet,
396 3422 432 3476 ut
453 3415 485 3476 in
505 3416 555 3477 his
574 3417 715 3478 omnibus
736 3415 912 3478 sacerdotis
932 3418 1084 3479 ordinatio
1105 3425 1303 3499 expectetur,
1324 3424 1361 3477 ut
1435 3411 1436 3472 l

148 3579 155 3588 ,
203 3499 298 3584 juxta
317 3499 400 3581 quod
422 3507 561 3563 aetatem
583 3509 689 3564 actam
710 3501 921 3582 prospexerit,
942 3499 1240 3583 continentiaeu),
1261 3501 1361 3564 absc·
1435 3491 1436 3552 l

207 3585 333 3649 lationis
353 3585 407 3647 vel
428 3585 632 3650 districtionis
652 3585 769 3648 tribuat
787 3586 902 3668 legera
1435 3603 1436 3608 ¹

169 3795 171 3800 -
289 3752 536 3837 Longinquitate
562 3771 662 3836 saepe
687 3751 725 3818 lit
753 3753 921 3836 temporis,
949 3763 987 3820 ut
1007 3769 1069 3818 non
1088 3760 1201 3836 pateat
1221 3751 1360 3816 conditio
1435 3771 1436 3834 ᾗ

207 3839 355 3924 originis3
390 3837 474 3904 unde
504 3837 571 3921 ja'm
600 3841 763 3906 decretum
792 3848 844 3902 est
871 3840 903 3902 in
932 3840 1077 3904 anteriori
1104 3837 1358 3918 aniversalisff)
1435 3835 1436 3896 l

208 3993 408 4012 ῃ

242 4072 271 4140 ¹)
289 4068 372 4122 Corte.
384 4071 544 4126 Toletaum
557 4075 604 4126 lli.
621 4088 643 4126 c.
655 4074 698 4138 11,
717 4073 806 4126 Tolet.
817 4072 862 4127 IV.
879 4087 902 4125 c.
912 4073 957 4139 dl,
969 4071 1128 4130 Veneticum,
1140 4085 1164 4125 c.
1178 4075 1207 4142 a,
1214 4075 1326 4132 ''l'nrcm
1336 4075 1359 4128 l.

276 4153 300 4194 c.
313 4137 341 4192 8.
358 4145 409 4192 etc.
460 4162 497 4184 -·
549 4143 579 4212 ἱ)
604 4151 630 4196 et
652 4143 818 4196 matinanta.
834 4143 993 4196 eorulenrnrrtt
1014 4139 1075 4196 add.
1098 4143 1127 4196 ln
1150 4157 1187 4196 nr.
1203 4147 1242 4200 Μ,
1276 4170 1315 4186 ··-
1435 4179 1436 4210 r

233 4210 273 4278 ,1)
291 4211 576 4265 ammanitarum
589 4213 629 4266 M.
657 4243 694 4255 -
728 4212 853 4282 ⁴)etM.
881 4231 918 4254 -'
953 4211 983 4279 ὃ)
1000 4215 1041 4265 u'el
1057 4214 1309 4272 damnarantaadd.
1320 4213 1360 4268 M.

222 4281 274 4349 st)
291 4278 376 4346 Epist.
393 4280 437 4334 90.
455 4283 490 4334 ad
506 4283 643 4338 Burdenis
660 4285 858 4337 Narbonensem
875 4283 1037 4352 episcopam.
1062 4279 1065 4285 '
1088 4311 1125 4326 ·-
1172 4286 1202 4354 r)
1226 4285 1274 4337 tec
1298 4285 1362 4338 add.
1435 4311 1436 4318 ι

223 4389 228 4398 .
276 4347 519 4416 ismaranlanri.
556 4382 594 4394 -
639 4354 669 4422 ⁸)
684 4352 850 4406 cononicam
863 4369 898 4406 m.
914 4353 953 4404 M.
986 4379 1025 4396 ··-
1067 4354 1301 4423 aJaeoottaitid.
1324 4381 1362 4394 —
1435 4345 1436 4420 ζ

241 4416 292 4485 ¹0)
308 4419 445 4472 domuerit
462 4423 500 4476 Μ.
533 4453 570 4470 -
603 4422 652 4491 1¹)
670 4439 745 4492 qaam
762 4439 797 4474 ea·
813 4424 1019 4476 cona‘rdternd
1034 4427 1215 4478 manantium
1233 4425 1361 4478 adtende
1435 4431 1436 4466 l

258 4491 356 4554 „rme
370 4489 402 4543 n
417 4507 452 4544 na
469 4493 508 4546 n.
530 4521 567 4536 -
597 4493 848 4566 reponentem
862 4493 893 4546 n
910 4493 1000 4546 aar.
1033 4516 1073 4534 «
1102 4493 1151 4562 ιι)
1168 4497 1280 4548 „amm
1294 4493 1363 4548 rna

239 4560 290 4679 leq
307 4561 477 4682 ρῶοιιθιοηιὸω
494 4563 523 4619 in
534 4579 568 4618 in.
582 4565 620 4617 Μ.
646 4592 683 4606 --
714 4562 764 4628 ¹⁸)
780 4565 919 4629 tameat
934 4562 962 4617 in
975 4563 1057 4644 rnqltl.
1071 4587 1107 4604 -·
1122 4560 1361 4620 coronarant.
1435 4579 1436 4596 ι
