2880 5050
220 255 287 342 tot
454 269 515 334 nu
536 266 778 380 conemmu
799 269 1070 340 'robloTnNUM
1089 279 1141 340 ιιι.

252 444 319 516 xl.
360 437 454 521 Quorl
479 441 680 522 poenitentes
705 443 878 508 seeundum
893 443 1028 512 ‘modum
1051 462 1211 512 canonum
1246 449 1405 530 maique

326 547 395 592 rum
415 526 551 590 debeant
572 545 669 610 agere
687 531 920 609 poeniteutiam.
1404 527 1405 540 ¹

265 615 335 680 xll
367 611 459 692 Quod
475 613 529 693 qni
541 613 697 686 voluerint
716 616 940 696 poenitentiam
961 633 1057 700 agere
1078 619 1167 699 prius
1191 617 1405 682 tondeant!

330 707 385 762 aut
405 695 543 760 habltum
563 707 695 761 mutent.

226 843 229 852 ,
264 785 349 850 Xlll.
389 779 481 861 Quod
508 801 570 846 non
595 783 692 848 liceat
716 782 798 848 duos
824 785 958 854 clericos
985 786 1017 852 ln
1037 787 1137 852 lorum
1158 806 1330 852 cauwe
1352 807 1406 870 pu·1

327 869 442 932 blicum
457 866 500 946 ¹).

266 955 355 1022 XIV.
389 951 481 1032 Quod
506 951 640 1018 Judaeis
665 972 782 1016 uxores
802 955 854 1016 vel
882 959 1072 1022 concubinas
1094 957 1327 1022 Christianos
1349 959 1399 1020 ba·

329 1041 424 1120 bere,
453 1039 523 1102 inve
550 1057 730 1120 comparare
751 1041 906 1122 mancipia
926 1043 1121 1125 Christiana,
1153 1053 1188 1106 et
1218 1045 1397 1126 judaizare

331 1143 394 1188 non
413 1125 510 1188 liceat
529 1125 581 1186 vel
601 1123 727 1206 publiea
746 1125 849 1188 olboia
869 1147 1031 1212 peragere.

266 1209 342 1276 XV.
382 1207 474 1287 Quod
502 1227 628 1272 manere
655 1207 771 1274 debeat
796 1210 933 1296 firmum,
960 1215 988 1276 si
1018 1216 1101 1278 servi
1129 1213 1204 1278 fisci
1236 1215 1354 1276 nostri
1367 1213 1392 1290 ²)

332 1295 489 1358 ecclesias
508 1294 642 1358 fecerint
662 1313 781 1378 easque
802 1295 843 1359 de
856 1298 890 1376 ³)
912 1301 1035 1380 peculio
1056 1319 1114 1362 suo
1136 1300 1344 1362 ditaverint„

226 1435 230 1444 .
268 1381 357 1446 XVI.
389 1377 481 1458 Quod
504 1379 665 1444 idolatriae
676 1380 711 1459 ⁴)
740 1382 861 1446 cultura
888 1403 908 1446 a
935 1385 1150 1458 sacerdotibus
1170 1387 1231 1447 vel
1258 1405 1283 1447 a
1311 1384 1390 1466 judi-

331 1466 422 1530 cibus
443 1465 633 1546 exquirenda
653 1475 706 1530 est
726 1475 822 1548 atque
843 1471 1085 1538 antenninanda.

269 1551 371 1618 xvn.
414 1547 505 1628 Quod
532 1552 585 1632 qui
610 1549 691 1614 filios
716 1571 793 1614 suos
819 1557 1003 1620 necaverint
1031 1565 1050 1620 a
1076 1553 1316 1618 sacerdotibus
1345 1552 1385 1614 vel

226 1693 230 1700 .
328 1635 486 1717 judicibus
504 1633 727 1718 distringantur
741 1636 783 1715 ³).

270 1723 386 1792 lell.
418 1719 511 1800 Quod
530 1723 628 1784 semel
650 1723 680 1784 in
702 1741 783 1784 anno
806 1722 845 1788 ad
867 1726 1030 1788 concilium
1052 1723 1244 1787 sacerdotes
1278 1733 1316 1784 et
1340 1721 1385 1801 ju-

334 1809 423 1874 dices
435 1816 531 1888 atque
543 1816 667 1872 actores
679 1809 851 1887 patrimonii
864 1811 1000 1888 nostri⁶J
1013 1812 1148 1872 debeant
1160 1805 1384 1885 convenire⁷l

270 1895 358 1960 XIX.
400 1891 492 1972 Quod
520 1894 724 1956 ecclesiarum
750 1899 885 1958 omnium
910 1897 1004 1961 dotes
1029 1896 1069 1960 all
1090 1895 1233 1976 episcopi
1260 1894 1383 1956 ordina-

334 1982 451 2042 tionem
472 1978 608 2042 debeant
619 1977 653 2055 ⁸)
674 1977 838 2057 pertinere.

230 2131 236 2140 ,
270 2065 344 2128 XX.
392 2061 485 2140 Quod
513 2061 697 2226 saoeJrrlotes
724 2064 921 2130 moderanter
947 2083 1044 2150 agere
1070 2065 1209 2130 debeant
1237 2079 1304 2144 per
1329 2079 1381 2143 pa-

335 2149 459 2210 rochia·
478 2149 581 2209 ιιιιιιο
605 2193 612 2207 .

272 2233 360 2299 xxl.
392 2230 483 2308 Quod
499 2233 584 2294 servi
600 2231 757 2296 eeclesiae
777 2233 848 2298 sive
866 2235 1046 2298 clericorum
1062 2253 1124 2296 non
1141 2231 1284 2296 debeant
1301 2229 1379 2311 aju-

335 2316 458 2382 (licibus
473 2319 526 2380 vel
542 2318 658 2380 nostris
669 2318 723 2397 ¹⁰)
740 2321 898 2385 actoribus
917 2322 949 2384 iu
970 2322 1073 2404 aliqua
1093 2319 1225 2400 angaria
1244 2317 1378 2398 fatigari

225 2471 229 2478 ,
272 2404 373 2470 xnn.
414 2402 507 2482 Quod
533 2405 747 2486 religiosorum
772 2423 902 2487 corpora
930 2425 1002 2468 oum
1030 2407 1154 2489 hymnis
1182 2411 1217 2465 et
1244 2399 1378 2472 canticis

336 2498 455 2554 tantum
477 2489 644 2554 deferenda
663 2490 728 2552 siut
747 2491 788 2552 ad
808 2493 962 2572 sepulcra.

273 2575 390 2639 XXlll.
423 2574 515 2654 Quod
544 2575 740 2637 ballematiae
763 2575 817 2652 ¹¹)
853 2586 885 2639 et
918 2586 1025 2660 turpes
1052 2573 1166 2640 cantici
1196 2569 1377 2654 prohibendi

338 2669 414 2726 sunt
434 2677 454 2723 a
474 2670 653 2724 sanctorum
673 2661 872 2724 solemnibus.

315 2749 386 2810 Has
412 2764 521 2810 omnes
546 2746 785 2810 constitutiones
814 2745 1070 2828 ecclesiasticas,
1098 2762 1178 2826 quas
1203 2742 1374 2805 summatim

232 2835 431 2912 breviterque
457 2831 713 2912 praestrinximus
727 2831 799 2913 ¹²),
826 2833 911 2895 siout
936 2832 1059 2912 plenius
1080 2831 1112 2892 in
1133 2847 1253 2892 canone
1273 2824 1372 2890 eonti-

232 2927 360 2998 nentur,
382 2935 507 2980 manere
527 2917 655 2998 perenni
676 2918 848 2980 stabilitate
869 2918 1044 2980 sancimus:
1070 2916 1099 2978 si
1119 2915 1285 2996 quis-ergo
1308 2914 1371 2974 ele-

230 3007 317 3070 ricus
344 3011 400 3068 aut
428 3002 529 3067 laicus
553 3002 661 3062 harum
682 3003 878 3066 sanctionum
900 3002 1050 3064 obediens
1071 3019 1146 3064 esso
1167 3000 1295 3062 noluerit
1309 2997 1369 3076 ¹³),

232 3092 262 3153 si
283 3090 469 3170 episcopus,
490 3088 674 3168 presbyter,
695 3087 845 3150 dlaconus
866 3097 921 3150 aut
940 3088 1074 3150 clericus
1094 3087 1203 3166 fuerit,
1228 3085 1265 3146 ab
1292 3083 1369 3143 omni
1409 3101 1411 3154 ι

233 3175 366 3240 concilio
393 3173 704 3236 excommunicationi
730 3171 919 3255 subjaceat3
947 3174 976 3236 si
1002 3191 1078 3234 vero
1107 3172 1206 3234 laicus
1231 3169 1317 3232 fuerit
1339 3175 1368 3228 et
1410 3159 1411 3202 l

231 3259 421 3324 honestioris
447 3259 508 3321 loei
545 3277 679 3339 persona
710 3266 780 3340 est,
817 3259 1017 3322 medietatem
1044 3258 1226 3320 facultatum
1251 3271 1366 3318 suerum

234 3349 358 3410 amittat
377 3343 447 3407 llsci
468 3344 587 3408 viribus
602 3343 657 3422 ¹⁴)
678 3345 883 3430 probaturam5
909 3345 939 3408 si
958 3361 1035 3404 vero
1056 3342 1206 3406 inferioris
1225 3341 1280 3402 loci
1298 3359 1365 3419 per·

234 3451 313 3494 eona
342 3424 418 3510 estj
445 3431 614 3492 amissione
642 3449 743 3492 rerum
773 3449 899 3494 suarum
930 3429 1100 3492 mulctatus
1126 3429 1158 3490 in
1188 3428 1300 3490 exilium
1315 3422 1364 3500 ¹⁵]

226 3517 275 3580 de
295 3523 411 3578 utetur.

275 3537 295 3600 p
319 3599 450 3664 Flavius
475 3597 660 3662 Recaredus
691 3615 747 3660 rex
772 3600 855 3662 lianc
880 3597 1157 3679 deliberationem,
1192 3617 1276 3682 quam
1301 3613 1360 3658 enm

235 3696 349 3753 sauata
369 3683 565 3748 delinivimus
585 3681 725 3768 syuodo,
745 3686 930 3749 confirmans
950 3685 1131 3767 subscripsi.

242 3825 441 3846 w

274 3890 302 3958 ι)
320 3886 449 3954 poblicum
466 3883 542 3936 deest
558 3901 600 3954 ap.
618 3885 655 3936 M.
696 3915 732 3927 -
775 3885 805 3954 ²)
828 3887 911 3938 aostd
928 3885 1003 3936 deest
1020 3900 1062 3952 ap.
1081 3881 1118 3936 M.
1161 3910 1198 3922 -
1234 3885 1262 3951 ⁸)
1277 3885 1304 3937 rle
1319 3901 1357 3937 οιι,

307 3974 324 4009 a
340 3957 389 4035 M..
411 3955 512 4036 3⁴)
529 3955 694 4037 idololatriac
710 3957 748 4007 M.
783 3985 818 3996 -
855 3956 883 4022 ⁵)
900 3955 1027 4006 necaverit
1045 3987 1074 4004 ..
1092 3954 1255 4036 dietriapctor
1269 3956 1303 4007 Μ.
1325 3983 1358 4038 ¹-—

254 4027 471 4203 tynum
493 4022 593 4202 ursa
611 4023 681 4209 ιιι.
696 4021 1360 4213 ‚aaalrurrprztcanta.‘ft

183 4206 186 4214 ’
292 4161 567 4302 )ιῖθιῖιΜ1ιΜιιιιΜ-ίιιι,
589 4161 832 4296 ΞΙῘΜΜΜΜΜΜΜ,
845 4161 1110 4288 ¹’allll‹culllierllll'c'lrllll,
1129 4163 1359 4287 ΜιΜΜΜιΜΜΜξ

309 4303 393 4356 Hasd.
434 4329 471 4341 -
521 4301 569 4367 ¹².)
587 4303 785 4370 perstot'umlmus
801 4299 840 4354 M.
883 4331 918 4342 -—
970 4301 1019 4372 1³)
1037 4301 1154 4354 obediens
1171 4303 1300 4358 obseruator
1315 4323 1360 4359 erse

309 4373 433 4437 arnimar,
457 4369 568 4441 superba
590 4373 675 4438 fronte
698 4373 823 4440 majoriam
845 4375 953 4425 statutis
973 4387 1117 4442 reprrpnona
1141 4369 1168 4428 ln
1191 4392 1224 4430 m.
1243 4377 1274 4429 Μ.
1303 4407 1333 4418 -

257 4443 307 4512 Η)
318 4444 423 4514 juribus
439 4443 476 4496 M.
517 4469 552 4480 ·-
602 4443 653 4509 Ν)
671 4443 698 4494 ln
714 4443 797 4494 enula
814 4439 853 4496 Μ.
890 4469 924 4484 ··
1145 4439 1163 4469 x

641 4643 1002 4675 ω--η-ιι-ιι--ο-
