2916 5050
375 219 813 308 srnrurnnccnnsnn
833 227 1024 343 turrem.
1076 173 1097 320 J
1206 221 1273 298 rto
1344 287 1353 294 .

91 425 95 428 ·
123 421 194 467 cum
220 407 310 482 patre
336 409 371 462 et
394 399 506 480 spiritu
533 407 645 462 sancto
670 399 805 462 omnium
832 407 1056 484 creaturarum,
1083 400 1138 482 qui
1156 417 1274 481 passus

123 491 166 552 sit
186 506 265 548 vera
284 486 388 548 carnis
408 486 557 565 passione
574 482 627 565 ¹),
641 493 793 576 ¹,mortuus
819 503 897 548 vcra
921 486 1061 566 corporis
1086 487 1137 548 sui
1162 494 1272 570 morto,

122 572 292 637 resurrexit
318 589 395 632 vera
424 571 526 632 carnis
551 587 630 631 suae
656 567 882 632 resurrectione
909 578 942 630 et
970 589 1048 632 vera
1072 571 1194 633 animae
1219 591 1274 633 re-

124 659 311 739 sumptione,
331 656 363 716 in
385 674 447 735 qua
467 655 575 716 veniet
589 653 731 734 judicare
750 656 845 716 vivos
866 663 900 716 et
921 665 1067 718 mortuos.
1102 653 1274 733 ¹Quaeren-

124 745 198 808 dum
228 743 322 804 etiam
348 741 388 802 ab
417 759 473 822 eo,
497 741 529 802 si
554 741 629 802 novi
651 748 684 800 et
704 741 821 804 veteris
843 741 1038 822 testamenti,
1067 739 1099 802 id
1121 750 1172 808 est
1191 741 1275 824 legis

126 837 159 892 et
179 827 398 909 prophetamm
420 833 453 886 et
473 825 682 906 apostolorum
701 842 796 884 unum
817 825 1011 906 eundemque
1032 825 1140 888 credat
1161 835 1275 889 aucto-

125 933 191 977 rem
212 921 246 974 et
264 899 374 991 deum,
404 909 433 971 si
452 908 593 971 diabolus
613 929 675 970 non
695 929 752 988 per
772 909 997 992 conditionem,
1023 911 1082 972 sed
1108 930 1164 991 per
1188 911 1274 973 arbi·
1313 960 1317 964 .

125 1000 216 1060 trium
237 997 340 1058 factus
370 995 412 1058 sit
439 996 548 1056 malus.
591 992 810 1070 Quaerendum
838 996 933 1058 etiam
960 996 999 1056 ab
1025 1015 1082 1076 eo,
1111 996 1141 1058 si
1165 995 1275 1060 credet

124 1081 217 1161 hujus
238 1100 337 1162 quam
364 1089 528 1162 gestamus
549 1086 582 1138 et
603 1098 665 1140 non
686 1079 813 1140 alterius
833 1081 936 1142 carnis
956 1081 1223 1162 resurrectionem,
1244 1081 1275 1142 si

126 1165 234 1229 credet
251 1165 400 1244 judicium
421 1165 554 1225 futurum
575 1171 608 1224 et
629 1171 811 1242 recepturos
830 1165 973 1245 singulos
992 1184 1048 1244 pro
1068 1165 1119 1226 his
1140 1183 1222 1245 quae
1242 1165 1275 1226 in

126 1270 221 1314 carne
241 1256 410 1331 gesserunt
430 1248 484 1308 vel
503 1265 623 1326 poenas
643 1247 697 1306 vel
717 1247 849 1328 gloriam
859 1247 909 1327 ²),
937 1250 965 1308 si
985 1248 1111 1327 nuptias
1130 1267 1193 1310 non
1213 1250 1276 1311 im-

125 1335 253 1416 probet,
283 1334 311 1394 si
339 1331 480 1394 secunda
508 1331 700 1392 matrimonia
727 1349 789 1390 non
818 1330 960 1412 damnet,
988 1333 1017 1392 si
1044 1333 1180 1394 cantium
1200 1352 1277 1412 per-

127 1420 302 1498 ceptionem
321 1436 382 1478 non
404 1416 525 1496 culpet,
556 1413 585 1476 si
613 1415 843 1494 poenitentibus
870 1417 1078 1478 reconciliatis
1101 1418 1277 1478 communi-

128 1513 198 1583 cet,
227 1503 255 1562 si
283 1502 315 1561 in
340 1502 494 1580 baptismo
521 1499 624 1560 omnia
643 1507 793 1579 peccata,
822 1499 854 1561 id
876 1508 928 1562 est
946 1509 1010 1562 tam
1030 1501 1105 1561 illud
1125 1502 1277 1582 originale

129 1593 338 1670 contractum,
366 1605 457 1666 quam
479 1585 530 1644 illa
552 1602 632 1664 quae
654 1583 827 1652 voluntarie
849 1585 987 1646 admissa
1006 1593 1089 1665 sunt,
1112 1584 1275 1648 dimittan-

130 1679 190 1751 tur,
212 1671 350 1730 si-estrn
371 1671 539 1732 ecclesiam
560 1669 747 1730 catholicam
767 1668 870 1730 nullus
890 1670 1037 1730 salvetm.
1072 1669 1153 1733 Cum
1174 1669 1205 1732 in
1226 1671 1277 1732 his

130 1756 273 1816 omnibus
294 1755 488 1815 examinatus
509 1755 656 1815 inventus
676 1753 769 1814 fuerit
788 1753 880 1832 plene
901 1755 1095 1835 instructus,
1108 1773 1180 1816 cum
1196 1773 1278 1817 con-

130 1859 228 1904 sensu
255 1839 435 1900 clericorum
463 1847 496 1899 et
523 1839 670 1900 laicomm
691 1845 725 1898 et
738 1835 773 1914 8)
800 1847 958 1900 conventu
982 1840 1079 1900 totius
1097 1840 1278 1919 provinciae

129 1927 351 2006 episcoporum,
364 1924 559 2002 maximeque
581 1922 807 2002 metropolitani
827 1923 880 1983 vel
901 1925 1085 1986 auctoritate
1108 1925 1162 1984 vel
1182 1943 1278 2004 prae-
1392 1968 1395 1973 -

129 2011 232 2080 sentia
252 2009 408 2070 ordinetur
429 2010 614 2088 episcopus,
648 2015 798 2086 suscepto
821 2007 852 2068 in
873 2009 995 2068 nomine
1012 2008 1129 2070 Christi
1150 2010 1280 2088 episco-

130 2103 206 2175 patu
225 2113 287 2155 non
308 2112 386 2154 suae
408 2091 609 2155 delectationi
624 2091 658 2170 ⁴)
684 2109 745 2152 nec
766 2091 834 2152 suis
852 2094 987 2154 motibus
1000 2091 1051 2172 5),’
1070 2093 1128 2154 scd
1148 2094 1199 2156 his
1218 2113 1302 2174 ρῳ,

132 2189 211 2242 trum
238 2169 469 2240 delinitionibus
499 2179 681 2259 acquiescat
697 2174 751 2254 θ);
785 2175 817 2236 in
850 2175 941 2256 cujus
968 2177 1159 2238 ordinatione
1186 2180 1281 2240 etiam

131 2273 222 2326 aetas
253 2264 445 2344 requiratur,
479 2281 572 2342 quarn
605 2261 708 2324 sancti
735 2267 848 2340 ‚patres
865 2260 899 2339 ⁷)
936 2263 971 2324 in
998 2263 1228 2344 praeeligendis
1245 2262 1281 2342 ⁸)

25 2416 29 2422 ,
132 2349 290 2426 episcopis
311 2349 545 2430 constituerunt.
572 2347 695 2411 Dehinc
716 2345 896 2428 disponitur,
912 2347 1043 2429 qualiter
1062 2349 1283 2428 ecclesiastico
1321 2388 1324 2397 κ

133 2431 237 2494 officie
257 2429 431 2494 ordinantur
446 2431 490 2511 9).
686 2513 715 2574 Π

217 2597 397 2678 Episcopus
418 2617 488 2661 etun
509 2595 679 2679 ordinatur,
706 2557 767 2659 duo
795 2595 936 2678 episcopi
960 2606 1077 2676 ponant
1100 2607 1133 2662 et
1153 2607 1282 2665 teneant

133 2684 368 2766 evangeliorum
397 2684 537 2746 codicem
562 2703 657 2762 super
685 2689 843 2762 caputet
868 2680 1093 2760 cervicem10)
1128 2683 1213 2766 ejus,
1249 2696 1283 2749 et

131 2788 201 2852 uno
214 2787 310 2848 snper
337 2787 408 2831 eum
429 2769 579 2831 lirndeute
598 2766 848 2830 benedictionem
868 2767 977 2847 reliqui
997 2785 1106 2845 omnes
1127 2771 1280 2854 episcopi,

132 2857 185 2940 qui
205 2850 338 2935 adsunt,
352 2855 503 2917 ¹manibus
524 2853 592 2914 suis
610 2860 708 2934 caput
728 2850 798 2932 ejus
816 2859 948 2936 tangant
962 2849 1027 2932 ¹¹).

215 3019 387 3101 Presbyter
398 3037 471 3081 cum
483 3017 647 3102 ordinatur,
657 3021 889 3101 episcopocum
899 3017 1106 3080 benedicente
1117 3025 1150 3079 et
1159 3036 1283 3083 manum

113 3111 118 3117 '
133 3124 228 3202 super
237 3113 331 3184 caput
338 3103 407 3184 ejus
415 3112 554 3186 tenente,
561 3107 655 3167 etiam
661 3124 768 3167 omnes
776 3105 949 3186 presbyteri
958 3105 1010 3184 qui
1017 3112 1202 3183 praesentes
1210 3114 1285 3168 sunt

133 3206 244 3252 manus
259 3207 335 3252 suas
350 3189 443 3270 juxta
460 3203 585 3252 manum
603 3191 743 3272 episcopi
758 3208 853 3271 super
869 3197 964 3268 caput
979 3189 1061 3250 illius
1079 3197 1207 3250 teneant
1220 3189 1285 3270 ¹²).

153 3359 155 3366 “
216 3358 378 3419 Diaconus
399 3374 471 3419 cum
493 3355 664 3440 ordinatur,
693 3360 782 3421 solus
802 3357 990 3439 episcopus,
1017 3355 1070 3438 qui
1092 3375 1163 3417 eum
1184 3357 1286 3422 bene-

135 3443 227 3523 dicit,
254 3457 379 3502 manum
407 3459 502 3520 super
530 3453 634 3524 caput.
651 3445 731 3505 illius
745 3503 746 3506 ,
758 3450 871 3524 ponat,
900 3444 1055 3523 quianon
1076 3441 1116 3506 ad
1134 3443 1286 3507 sacerdo-

135 3530 227 3606 tium,
248 3525 307 3587 sed
329 3523 369 3585 ad
389 3526 591 3590 ministerium
613 3526 904 3605 consecratum).

221 3689 439 3754 Subdiaconus
460 3711 532 3755 cum
553 3695 724 3776 ordinatur,
752 3693 825 3774 quia
845 3712 956 3754 manus
976 3693 1203 3772 impositionem
1223 3713 1286 3758 non

135 3777 269 3866 accipit,
290 3784 437 3856 patenam
458 3779 499 3840 de
520 3780 660 3861 episcopi
681 3795 774 3844 manu
793 3779 929 3858 accipiat
948 3795 1082 3866 vacuam
1103 3785 1136 3840 et
1156 3778 1286 3843 calicem

173 3958 419 4078 llri¹ii²⁴i¹J25
453 3960 484 4099 il
501 3958 777 4082 tlttttiffitts
796 3989 827 4082 ἶ
848 3958 1224 4094 εἶέίῗηᾶῗὲᾞῖἕιῑὲω
1240 3967 1309 4050 ὦ

156 4095 202 4162 ,4)
231 4096 356 4158 monibus,
377 4099 408 4154 C.
434 4099 510 4168 Hisp.
538 4103 645 4166 praeter
670 4097 715 4149 AE.
742 4101 774 4152 tt.
804 4102 829 4153 3.
855 4099 889 4150 U.
950 4127 986 4136 -
1069 4100 1099 4166 θ)
1126 4103 1289 4170 admitterent

206 4163 237 4217 C.
260 4165 337 4234 Hisp.
379 4195 416 4202 ω·
478 4169 507 4236 t)
526 4169 642 4234 ercenrpla
665 4169 803 4220 salvatoris
826 4167 886 4221 add.
910 4166 941 4218 C.
963 4165 1041 4235 Hisp.
1072 4197 1110 4210 -

174 4236 203 4303 ⁸)
221 4237 396 4302 proelepmdr's
413 4237 444 4289 C.
462 4237 538 4306 Hisp.
580 4266 615 4276 -
663 4236 691 4302 ⁰)
709 4241 858 4290 ordinentur
876 4237 907 4289 C.
925 4236 1001 4304 Hisp.
1026 4265 1062 4279 —
1087 4240 1213 4293 Neander
1230 4244 1247 4294 l.
1265 4257 1289 4294 c.

204 4307 315 4368 rol.ll.,
340 4324 366 4374 p.
382 4309 434 4358 211
453 4313 508 4359 not.
524 4306 550 4358 4.
592 4304 745 4360 Rbeinwald
764 4309 781 4360 l.
800 4324 823 4360 c.
841 4325 867 4376 p.
884 4307 920 4359 77
937 4313 991 4358 not.
1013 4323 1041 4374 p.
1054 4305 1116 4361 417.
1150 4339 1186 4350 -—
1240 4317 1244 4332 '

170 4371 220 4438 ¹⁰)
237 4377 355 4426 verticem
372 4375 399 4428 in
418 4391 502 4440 marg.
518 4374 613 4428 Mansi.
647 4403 682 4416 -
724 4375 982 4445 11)Rheinw'atd1.
1001 4377 1120 4442 c.p.34
1136 4385 1189 4431 not.
1206 4379 1233 4429 2.
1255 4406 1290 4418 -

171 4441 227 4508 η)·
243 4445 275 4496 ln
291 4443 357 4496 ch.
375 4446 454 4496 Barb.
473 4445 516 4497 hic
533 4443 642 4497 babetur
659 4449 775 4498 canone
791 4445 973 4500 Semerdota'bns
997 4446 1145 4498 ordinandis
1166 4449 1244 4498 etism
1265 4453 1291 4496 et

207 4511 255 4564 nltr'
272 4517 499 4638 reprojssrnrtnn.9-
517 4513 672 4568 Rheinwcld
693 4516 709 4566 l.
726 4530 751 4570 c.
775 4533 801 4584 p.
819 4515 855 4568 44
872 4521 924 4569 not.
944 4513 970 4566 t.
996 4541 1031 4555 -·
1070 4516 1118 4582 ¹⁸)
1137 4513 1290 4568 Rbeinwsld

200 4585 548 4650 =c.p.'not..-
691 4597 693 4602 '
1130 4607 1135 4616 Χ
