2912 5060
208 177 276 248 ata
391 207 419 268 ,·
481 175 722 246 comburunt
744 169 1014 244 monumen
1035 179 1089 242 ιν.
1197 167 1202 176 “

215 349 319 420 dum?
351 367 436 436 quae
458 351 490 414 in
516 350 659 426 hostibus
681 348 785 432 jurata
810 367 939 434 sponsio
961 339 1154 432 permanebit
1166 345 1218 432 ¹),
1245 346 1389 430 qrrando

217 435 374 520 necipsis
396 439 526 520 propriis
546 437 674 520 regibus
692 435 826 516 juratam
847 437 941 500 fidem
961 430 1175 500 conservant?
1196 436 1267 516 quis
1289 437 1386 498 enim

215 527 296 590 adeo
316 525 451 588 furiosus
473 531 541 602 est,
571 523 624 604 qui
645 531 741 602 caput
761 541 851 584 suum
872 542 965 584 manu
986 523 1108 604 propria
1129 513 1292 584 desecet?
1332 521 1385 580 llli

83 613 88 665 ἶ
143 613 146 618 ’
217 609 297 690 ut²)
319 618 426 671 notum
447 616 498 671 est
518 605 713 670 immemores
734 608 845 670 salutis
867 619 944 670 suae
965 609 1088 690 propria
1108 626 1202 670 manu
1222 621 1260 667 se
1282 605 1384 686 ipsos

216 696 407 774 interimrmt,
433 693 466 756 in
494 693 685 773 semetipsos
708 711 847 774 suosque
876 712 971 776 reges
991 695 1131 773 proprias
1154 690 1380 754 convertendo
1428 729 1429 734 η

215 781 313 860 viras,
334 785 368 840 et
387 777 460 840 dum
481 775 623 838 dominus
643 775 796 854 dieat³):
823 774 935 841 Nolite
956 785 1091 860 tongere
1112 776 1253 840 Gloriatur
1274 793 1381 851 meos,
1428 847 1429 852 γ

217 874 252 929 et
269 861 392 926 David:
433 861 532 940 Quia,
561 861 674 942 inquit,
707 861 858 924 ostendet
884 883 1013 926 mommo
1040 881 1130 924 mom
1149 863 1185 924 in
1210 859 1379 920 Christum
1428 879 1429 884 ¹

216 949 340 1014 domini
360 953 393 1010 et
414 947 564 1008 innocens
586 947 677 1008 erit?
707 947 767 1008 illis
787 965 848 1010 nec
867 949 968 1010 vitare
995 955 1099 1010 metus
1125 956 1177 1008 est
1202 943 1376 1024 perjurium

216 1052 278 1098 nec
304 1033 432 1116 regibus
459 1031 529 1092 suis
556 1031 668 1093 inferre
697 1031 835 1093 exitium.
873 1033 1026 1096 Hostibus
1047 1033 1162 1113 quippe
1181 1029 1263 1092 fides
1284 1029 1374 1110 pacti
1428 1077 1429 1086 ,

218 1115 561 1198 damrneoviolotu13
583 1115 675 1198 quod
696 1116 775 1178 siin
796 1116 877 1179 bello
898 1117 979 1180 fides
999 1117 1104 1198 voret,
1127 1123 1242 1200 quanto
1264 1115 1374 1198 magis

218 1205 251 1268 iu
275 1203 343 1266 suis
354 1201 388 1281 ⁴)
416 1201 572 1263 servanda
599 1196 678 1264 est?
720 1201 927 1286 Saerilegium
953 1203 1067 1284 qnippe
1089 1207 1156 1284 est,
1186 1201 1215 1264 si
1233 1197 1374 1262 violetur

219 1307 240 1354 a
267 1287 415 1374 gentibus
440 1305 549 1368 regum
576 1303 701 1348 suorum
724 1289 878 1368 promissa
902 1287 998 1370 fides,
1024 1288 1097 1370 quia
1126 1306 1188 1349 non
1213 1285 1316 1348 solum
1340 1285 1373 1346 in

219 1372 313 1452 eis⁵)
338 1372 374 1436 iit
399 1373 485 1452 pacti
505 1373 730 1455 transgressio,
757 1373 816 1436 sed
837 1373 922 1437 etin
943 1373 1036 1436 deum
1057 1371 1198 1455 quidem,
1223 1371 1255 1432 in
1277 1367 1373 1450 cujus

217 1459 343 1523 nomine
369 1457 532 1540 pollicetur
551 1458 622 1538 ipsa
641 1459 816 1538 promissio.
855 1459 931 1522 Inde
953 1468 1022 1542 est,
1047 1457 1130 1540 quod
1150 1455 1248 1520 molta
1267 1472 1372 1538 regna

186 1589 189 1600 .
218 1553 367 1608 tenamm
387 1543 537 1606 coelestis
556 1543 715 1606 iracundia
742 1543 787 1606 ita
812 1545 1020 1626 permutavit,
1046 1553 1082 1606 ut
1101 1563 1157 1624 per
1175 1543 1370 1622 impietatem

218 1629 292 1694 fidei
320 1636 353 1692 et
379 1647 497 1691 momm
518 1627 648 1691 altemm
669 1629 708 1692 ab
731 1629 828 1691 altero
849 1631 1041 1692 solveretur:
1069 1629 1153 1691 unde
1173 1637 1208 1690 et
1227 1645 1287 1690 nos
1310 1645 1369 1690 ca-

217 1733 296 1779 vare
316 1721 438 1798 oportet
458 1731 568 1776 casum
588 1712 764 1795 hujusmodi
790 1717 949 1798 gentium,
978 1735 1019 1777 ne
1040 1715 1181 1776 similiter
1198 1713 1295 1795 plaga
1316 1713 1369 1774 fe·-

217 1802 330 1870 riamur
354 1799 517 1882 praecipiti
545 1807 578 1862 et
602 1818 705 1881 poena
731 1803 894 1880 puniamur
918 1799 1056 1884 erudeli3
1082 1801 1110 1862 si
1121 1799 1154 1880 ⁰)
1183 1800 1266 1861 enim
1287 1797 1368 1860 deus

157 1925 164 1946 .
217 1887 342 1972 angelis
361 1886 394 1946 in
414 1903 452 1946 se
472 1885 757 1966 praevaricantibus
777 1904 839 1946 uon
860 1888 1015 1968 pepercit,
1037 1886 1090 1968 qui
1109 1905 1165 1966 per
1182 1883 1368 1946 inobedien-

217 1973 292 2035 tiam
320 1969 473 2041 coeleste¹
488 1969 696 2044 habitaculum
723 1971 941 2054 perdidemnt,
967 1971 1133 2052 unde'per
1159 1971 1287 2046 Esaiam
1316 1968 1368 2031 di-

217 2055 321 2135 oit'J:
340 2053 521 2118 Inebriatus
542 2060 591 2116 est
611 2052 740 2137 gladius
759 2075 846 2118 omos
867 2057 903 2118 io
924 2057 1032 2132 coeloe
1049 2063 1164 2139 quanto
1185 2056 1287 2137 magis
1306 2073 1368 2116 nos

217 2148 344 2204 nostrae
371 2139 483 2202 salutis
511 2140 666 2202 interitum
686 2142 795 2202 timere
816 2141 988 2225 debemus,
1016 2162 1057 2203 ne
1077 2162 1133 2224 por
1153 2141 1365 2205 infidelitatem

217 2226 330 2290 eodem
349 2225 523 2288 saevientis
544 2223 595 2287 dei
615 2225 720 2308 gladio
740 2221 933 2314 pereamus?
960 2225 1068 2306 .Quod
1094 2229 1122 2290 si
1144 2227 1275 2290 divinam
1297 2225 1363 2286 ira-

217 2311 360 2376 cundiam
389 2310 491 2372 vitare
521 2311 666 2374 volumus
698 2320 732 2373 et
762 2315 965 2376 severitatem
996 2311 1066 2394 ejus
1096 2311 1137 2377 ad
1167 2311 1362 2375 elementiam

214 2413 386 2480 provocare
413 2395 556 2476 cupimus
569 2395 813 2478 P),=servemus
840 2417 917 2482 erga
944 2399 1037 2461 deum
1062 2399 1222 2482 religionis
1247 2395 1362 2460 cultum

213 2493 311 2567 atque
336 2483 477 2544 timorem
487 2480 521 2560 ⁸)
549 2489 582 2544 et
607 2499 710 2566 usqua
735 2481 769 2544 in'
795 2491 926 2546 mortem
947 2484 1161 2548 custodiamus
1179 2502 1258 2567 erga
1277 2483 1362 2563 priu-

214 2570 304 2650 cipes
331 2567 469 2630 nostros
483 2567 651 2648 pollicitam
678 2568 773 2630 fidem
801 2578 897 2652 atque
922 2571 1142 2650 sponsionem:
1171 2589 1234 2631 non
1260 2570 1304 2630 sit
1330 2569 1360 2630 in

213 2656 303 2718 nobis
327 2655 412 2716 siout
435 2650 467 2714 in
494 2653 678 2733 quibusdam
704 2655 852 2742 gentibus
872 2655 1062 2718 infidelitatis
1083 2655 1238 2718 subtilitas
1259 2654 1360 2736 impia,

213 2759 276 2804 non
296 2738 427 2804 subdola
447 2738 562 2799 mentis
582 2737 726 2818 perfidia,
746 2759 809 2802 non
829 2739 953 2820 perjurii
972 2741 1073 2822 nefas,
1088 2760 1154 2809 ‚nec
1173 2739 1361 2822 conjuratio-

212 2843 286 2888 num
307 2821 441 2888 nefanda
461 2821 637 2906 molimina3
655 2825 757 2896 nullus
778 2825 860 2907 apud
882 2845 941 2888 nos
961 2827 1211 2908 praesumptione
1230 2843 1359 2909 regnum

144 2953 150 2964 ·
179 2931 181 2942 ·
206 2910 355 3058 ,arripiam
378 2907 482 2970 nullus
509 2909 628 2994 crocitet
648 2918 772 2972 mutuas
793 2910 964 2976 seditiones
988 2913 1121 2994 civium3
1148 2930 1240 2974 nemo
1260 2909 1360 2972 medi-

163 3057 167 3068 ,
227 3005 295 3060 etur
322 2995 465 3056 interitus
492 3011 618 3075 regum,
647 2993 706 3058 sed
733 2995 895 3062 defuneto¹
910 2997 941 3058 in
969 3017 1050 3078 pace
1079 2994 1217 3078 principe
1245 2997 1359 3077 prima-

128 3123 130 3132 s
165 3149 174 3154 η
212 3090 266 3144 tus
279 3077 334 3158 10)
361 3079 458 3140 totius
478 3080 584 3160 gentis
605 3099 676 3142 cum
697 3080 913 3144 sacerdotibus
933 3100 1151 3163 successorem
1171 3083 1261 3166 regni
1281 3100 1358 3145 cou-

211 3161 348 3242 silio-¹¹)
369 3165 524 3226 communi
544 3165 752 3247 constituant,
773 3174 809 3228 ut
830 3165 902 3228 dum
921 3169 1050 3230 unitatis
1069 3167 1236 3231 eoncordia
1260 3187 1280 3230 a
1300 3187 1358 3229 no-

202 3251 260 3328 „bis
276 3251 452 3330 retinetur,
480 3247 596 3311 nullum
624 3252 743 3331 patriae
771 3254 940 3334 gentisque
962 3254 1130 3317 discidium
1144 3252 1198 3332 ¹²)
1220 3254 1356 3336 pervim

115 3353 118 3358 ·
211 3345 307 3418 atque
334 3335 482 3396 ambitum
508 3335 622 3418 oriatur
636 3335 698 3415 ¹³).
757 3335 849 3414 Quod
877 3339 906 3402 si
933 3337 1014 3410 haec
1041 3337 1221 3402 admonitio
1237 3347 1356 3400 mentes

211 3428 336 3482 nostras
366 3439 428 3482 uon
460 3419 587 3502 corrigit
614 3427 648 3482 et
677 3415 718 3482 ad
747 3423 881 3484 salutem
912 3419 1106 3488 communem
1139 3443 1194 3488 cor
1220 3433 1356 3486 nostmm

210 3521 406 3586 nequaquam
432 3503 591 3584 perducit,
626 3505 731 3566 audite
757 3509 945 3571 sententiam
970 3519 1127 3572 nostram:
1164 3505 1356 3590 Quicumque

209 3591 305 3674 igitur
326 3608 346 3651 a
366 3589 456 3652 nobis
469 3589 521 3648 vel
541 3590 639 3650 totius
657 3589 829 3672 Hispaniae
849 3595 972 3676 populis
992 3593 1129 3678 qualibet
1148 3591 1355 3678 conjuratione

209 3675 261 3739 vel
283 3673 387 3740 studio
409 3683 637 3746 sacramentum
656 3671 732 3740 fidei
749 3695 845 3761 strae,
872 3679 955 3764 quod
976 3699 1032 3762 pro
1052 3681 1171 3762 patriae
1190 3679 1355 3763 gentisque

204 3831 403 3854 m

245 3924 273 3993 ¹)
291 3919 565 3990 uoottmpmoooottr
583 3925 610 3976 in
629 3941 664 3978 ιη.
684 3926 721 3978 Μ.
757 3917 791 3969 ὲ-
836 3921 1214 3998 2)1ztoobr.,ttrtotboc.'
1249 3953 1283 3968 —-

242 3993 571 4062 ³)dieitM.-Psa1m.
590 3993 719 4060 105,15.
747 4001 852 4052 lSam·.
869 4001 918 4066 26,
936 4003 961 4056 9.
997 4029 1032 4038 -
1075 3999 1105 4067 ⁴)
1122 4001 1150 4050 io
1167 3997 1352 4054 camisiam.

275 4061 313 4116 M.
348 4091 384 4102 --
436 4063 464 4130 ὁ)
477 4063 510 4112 'io
526 4063 569 4113 'eos
585 4063 622 4114 M.
657 4092 692 4103 —
745 4067 827 4134 ⁶)aic
843 4069 1016 4134 M.,sa'Lue.
1049 4090 1085 4106 ·-—
1140 4069 1351 4136 ⁷)mrdeetper

203 4138 216 4162 ·’
257 4134 308 4184 ’.Ε
326 4133 420 4184 metros
435 4132 473 4183 Μ’.
491 4137 526 4212 *T
543 4131 596 4184 ies.
614 4129 658 4198 st,
677 4134 702 4187 5.
727 4165 763 4176 —
799 4135 828 4205 ⁸)
845 4151 964 4192 revocare
982 4139 1097 4206 carpimus·
1111 4138 1195 4203 Luc.;
1217 4137 1358 4206 sequeutia,

274 4201 371 4256 omittit
379 4202 448 4254 idern
459 4205 486 4254 et
496 4200 566 4252 brsoe
582 4203 715 4257 continuat
726 4205 806 4260 rerba
818 4207 878 4260 ilia:
889 4211 968 4262 etiem
976 4210 1092 4277 fororem
1102 4210 1170 4262 tosti
1179 4209 1293 4262 mimimo
1300 4224 1348 4260 ooo

276 4289 332 4324 mm
348 4275 395 4336 eie,
410 4273 453 4338 otti
465 4271 612 4338 (irrbeodem
629 4275 804 4343 coop'motiooe
819 4279 886 4330 tosti
903 4279 1019 4332 cristinia
1033 4289 1136 4330 mouere
1152 4276 1278 4342 aiamim,
1292 4279 1348 4345 pori

274 4357 356 4408 poeno
378 4339 531 4409 perditionis
552 4343 772 4412 coustriopootur,
798 4360 861 4414 quoa
881 4349 909 4400 t'o
931 4349 1068 4418 perniciem
1093 4355 1139 4400 etc.
1166 4347 1228 4400 ride
1257 4363 1283 4416 p.
1299 4346 1347 4400 24³

126 4452 129 4456 .
204 4435 208 4442 ·
275 4417 330 4464 not.
347 4413 373 4465 7.
407 4441 442 4452 -
478 4411 506 4477 θ)
524 4426 580 4463 cutm
597 4415 688 4466 timore
704 4413 741 4468 M.
759 4415 862 4471 omissis
880 4417 968 4472 vorbis
989 4426 1017 4470 et
1031 4430 1109 4484 ruptae
1125 4417 1153 4468 io
1168 4426 1284 4470 orestem.
1315 4445 1346 4454 -

164 4495 167 4499 ·
239 4481 289 4547 1⁰)
306 4483 429 4548 priorotcs
444 4475 483 4530 M.
516 4507 557 4540 -,
591 4482 814 4547 ornaturam,
854 4485 890 4526 «⁴-
928 4486 1077 4554 utputo
1094 4485 1226 4539 dissidioso
1245 4487 1281 4540 Μ.
1314 4513 1345 4526 ·-

238 4552 286 4617 ¹³)
304 4551 468 4604 moliebaris
487 4565 521 4601 m.
539 4551 576 4601 M.
611 4580 644 4592 —
1016 4573 1018 4578 ·
