2880 5050
347 257 590 330 CONCIHUM
610 255 883 328 amararum
903 259 989 330 xiib
1180 261 1247 330 ³35

82 448 122 506 ut
142 438 236 504 fortia
255 435 455 521 paternitatis
470 443 600 499 vestrae
621 431 775 515 adjutoria
794 435 973 519 prorogetis
983 433 1027 515 ι).
1052 434 1142 500 Luce
1164 436 1246 500 enirn

86 530 205 593 clarius
230 532 374 606 constat,
396 523 487 604 quod
513 522 703 604 aggregatio
729 531 935 586 sacrosancta
947 521 1135 604 pontificum
1153 523 1247 604 quid-

85 615 162 698 quid
198 611 356 676 censuerit
383 608 619 690 observandum
647 625 705 688 per
733 608 836 670 sancti
864 609 991 690 spiritus
1018 608 1133 670 donum
1162 607 1247 671 amni

86 709 215 764 maneat
235 693 470 774 aeternitatei)
498 693 670 776 praefixum
685 691 729 771 ³).
770 693 814 754 Et
834 691 906 754 ideo
927 693 1164 756 universitatem
1185 711 1246 776 pa·-

88 787 247 850 ternitatis
266 793 395 846 vestrae
417 789 512 862 atque
533 780 709 842 sublimium
728 779 864 840 virorum
885 780 1094 863 nobilitatem,
1120 781 1175 863 qui
1195 789 1245 844 “err

90 875 181 937 aulae
210 871 327 958 regalis
354 867 457 930 officio
486 867 517 928 in
546 867 608 928 hac
637 873 749 928 sancta
776 865 897 947 synodo
918 866 1081 928 vobiscum
1109 886 1246 930 conses-

89 959 201 1037 suri‘)
231 955 405 1038 praeelecti
431 963 522 1032 sunt,
551 954 691 1014 obtestor
711 950 827 1031 pariter
848 959 881 1012 et
909 950 1037 1032 conjuro
1065 962 1161 1036 atque
1188 973 1245 1036 per

89 1043 249 1107 ineffabile
270 1041 345 1104 illud
372 1048 503 1102 sanctae
514 1038 547 1117 ⁵)
578 1037 723 1101 trinitatis
753 1047 981 1100 sacramentum
1008 1042 1180 1124 convenio,
1209 1048 1245 1103 nt

91 1127 241 1213 quidquid
271 1129 304 1189 in
332 1127 435 1190 medio
462 1125 562 1187 vestri
591 1143 628 1186 se
645 1123 847 1205 judicandum
867 1125 921 1186 vel
942 1126 1173 1189 retractandum
1194 1123 1246 1188 in·

90 1218 235 1298 vexerit,
272 1223 338 1275 tam
376 1231 458 1294 quae
488 1230 545 1292 per
579 1227 640 1272 nos
667 1209 752 1272 dicta
786 1227 879 1290 qnam
909 1211 1003 1273 etiam
1030 1222 1137 1274 cetera
1165 1230 1246 1294 quae

90 1303 210 1364 vestris
236 1299 391 1362 auditibus
418 1315 456 1359 se
481 1297 674 1379 ingesserint
694 1293 865 1375 audienda,
893 1315 964 1359 cum
985 1299 1068 1360 omni
1081 1298 1115 1377 ο)
1134 1300 1246 1382 vigore

85 1388 232 1470 justitiae
250 1393 287 1446 et
309 1391 553 1464 temperamento
575 1379 805 1443 misericordiae
824 1381 965 1443 dirimere
985 1384 1246 1466 procuretisque

90 1493 163 1537 cum
182 1471 264 1534 omni
278 1470 455 1531 reverentia
469 1477 590 1550 patmm
606 1465 861 1547 praecedentium
879 1469 995 1550 regulis
1009 1470 1135 1531 subdita
1147 1471 1247 1532 totius

89 1557 305 1620 unanimitatis
333 1563 463 1616 vestrae
491 1554 650 1616 sententia
677 1570 739 1613 non
767 1551 890 1614 aliunde
917 1571 1010 1634 qnam
1036 1575 1078 1616 ex
1103 1556 1247 1618 veritatis

92 1645 181 1706 fonte
200 1639 361 1723 procedat,
383 1642 494 1722 sicque
515 1648 549 1701 et
570 1639 620 1700 bis
641 1656 723 1718 quae
744 1639 918 1716 praemissa
938 1648 1011 1702 sunt
1032 1640 1164 1702 solidum
1187 1641 1248 1704 de-

91 1729 283 1791 liberationis
303 1725 420 1808 stylum
448 1725 680 1806 promptissima
707 1725 899 1807 apponatis,
927 1733 961 1786 et
988 1726 1105 1807 reliqua
1131 1725 1246 1808 adhuc,

92 1833 175 1897 quae
196 1813 377 1875 necessaria
398 1820 472 1874 sunt
490 1813 522 1874 in
542 1807 733 1892 peragendis
748 1809 988 1872 ecclesiasticae
1004 1813 1132 1895 regulae
1147 1813 1248 1876 disci-

91 1901 185 1982 plinis
197 1945 206 1981 ,
236 1907 270 1960 et
298 1897 466 1960 dirimenda
494 1897 639 1958 tractetis
679 1903 712 1956 et
739 1893 892 1975 dirempta
926 1897 1111 1980 religiosiori
1125 1899 1158 1977 ²)
1186 1898 1245 1960 sub

91 1985 254 2068 diligentia
280 1983 508 2065 conscribatis,
542 1981 674 2062 qualiter
700 1979 773 2041 dum
807 1979 981 2044 doctrinam
1011 1984 1196 2068 respergitis
1211 1983 1247 2064 ⁸)

91 2073 260 2135 salutarem
286 2069 317 2130 in
343 2069 484 2150 populis,
514 2067 673 2130 Christum
694 2065 850 2128 dominum
871 2068 903 2128 in
925 2067 1132 2130 emolumento
1149 2069 1248 2150 justi-

91 2159 156 2219 tiae
169 2158 202 2237 ο)
222 2155 371 2236 capiatis3
392 2162 429 2216 nt
448 2163 482 2215 et
497 2154 591 2214 vobis
610 2151 863 2232 praedicantibus
886 2161 918 2215 et
937 2154 1028 2216 nobis
1047 2156 1248 2236 implentibus

93 2262 176 2324 quae
204 2241 319 2304 divinis
347 2241 447 2302 oculis
475 2239 695 2320 complacent,
733 2238 776 2300 sit
807 2240 949 2320 utrisque
983 2239 1123 2320 partibus
1152 2249 1186 2302 et
1214 2241 1247 2302 in

93 2327 222 2405 hoc¹⁰)
250 2327 379 2387 saeculo
407 2325 447 2386 de
473 2325 558 2386 lucro
588 2325 757 2385 animarum
782 2324 940 2385 ineffabile
966 2327 1132 2407 gaudium,
1161 2335 1195 2388 et
1215 2326 1247 2388 in

93 2414 195 2476 futuro
218 2411 258 2473 de
279 2411 482 2490 perventione
499 2409 551 2488 ¹¹)
572 2409 769 2471 aetemitatis
788 2410 957 2489 praemium
978 2412 1204 2474 inconvulsum.

150 2533 153 2542 ›
178 2498 295 2558 Datum
317 2497 375 2558 sub
400 2495 451 2557 die
473 2494 569 2576 pridie
585 2494 641 2572 ¹²)
662 2495 773 2556 Nonas
793 2495 992 2556 Novembres
1012 2515 1093 2557 anno
1114 2497 1248 2560 feliciter

94 2591 205 2664 quarto
227 2582 317 2665 regni
337 2582 456 2664 gloriae
476 2589 602 2642 nostrae
622 2581 654 2640 in
676 2579 727 2641 dei
747 2580 870 2641 nomine
892 2579 1013 2641 Toleto.

181 2669 325 2730 Perlecta
353 2667 447 2749 igitur
473 2666 653 2746 praeeuntis
672 2663 727 2742 18)
761 2665 835 2726 torni
863 2665 1046 2727 necessario
1071 2665 1248 2730 institutio-

95 2773 169 2816 num
189 2755 243 2834 ¹⁴)
270 2771 385 2814 exorsu
405 2751 491 2832 prius
512 2751 553 2812 de
574 2750 637 2812 lide
657 2759 790 2812 sanctae
810 2751 1247 2818 trinitatissermocinationis

93 2849 221 2902 nostrae
241 2839 349 2918 coepit
370 2857 445 2900 esse
465 2835 665 2917 principium:
687 2837 872 2916 profitentes
892 2839 1006 2918 pariter
1027 2847 1061 2899 et
1077 2839 1247 2904 credentes

93 2944 134 2986 ea
151 2924 287 3006 quaeda
310 2925 371 2985 hac
385 2931 500 2984 sancta
514 2923 653 2984 trinitate
675 2930 708 2982 et
729 2923 896 3006 evangelia
915 2922 1039 2984 tradunt
1061 2933 1094 2985 et
1113 2935 1247 3005 aposto-

94 3011 192 3071 lorum
212 3009 393 3070 sanctiones
413 3009 602 3090 instituunt,
630 3009 715 3070 sicut
733 3009 877 3071 Nicaeae
898 3009 1038 3091 synodus
1059 3010 1121 3072 hoc
1141 3011 1247 3090 pieta·

95 3095 139 3156 tis
167 3101 396 3156 sacramentum
424 3094 592 3176 exposuit,
627 3095 712 3156 sicut
737 3094 1081 3174 Constantinopolitana
1107 3095 1246 3159 delinitio

93 3181 199 3242 sanxit
220 3180 272 3241 vel
293 3179 382 3259 primi
400 3179 552 3260 Ephesiui
573 3188 685 3242 coetus
706 3189 801 3262 atque
822 3179 1092 3244 Chalcedonensis
1113 3183 1247 3245 evidens

94 3263 236 3326 doctrina
264 3266 447 3345 constituit)
468 3262 562 3343 juxta
583 3263 666 3345 quod
688 3267 783 3325 etiam
805 3266 1000 3328 sacrosancti
1021 3269 1154 3347 symboli
1175 3270 1247 3329 elna

97 3351 226 3412 cubrata
246 3351 405 3431 professio·
422 3351 544 3431 claret,
575 3367 657 3430 quae
678 3349 709 3410 in
730 3352 893 3412 missamm
915 3351 1165 3416 solemnitatibus
1185 3373 1247 3436 pa-

92 3437 159 3499 tula
179 3446 361 3499 cunctomm
381 3437 574 3498 acclamatur
594 3435 731 3496 fidelium
752 3453 843 3497 voce.

347 3569 573 3652 Symbolum
605 3571 782 3637 Nicaeni
811 3573 1018 3640 concilii..
1069 3619 1071 3630 ,
1197 3647 1200 3654 Ι

166 3651 332 3718 Credimus
351 3655 384 3716 in
404 3675 498 3719 unum
518 3659 611 3720 deum
631 3666 753 3738 patrem
774 3659 1017 3740 omnipotentem
1037 3657 1175 3740 etc.¹³).
1203 3694 1248 3708 -υ

164 3771 244 3834 Post
265 3771 358 3856 hujus
379 3785 511 3838 sanctae
527 3773 605 3837 lldei
626 3774 811 3856 dispositam
831 3784 1020 3840 stmctnram
1041 3778 1132 3859 quasi
1152 3792 1248 3859 super

92 3857 313 3922 solidissimam
338 3870 479 3942 petram,
508 3870 682 3924 ceterorum
710 3861 907 3942 negotiorum
939 3864 1138 3948 sequentium
1165 3881 1248 3928 ocn-

127 4097 139 4132 1
169 4095 335 4161 praerogatis
360 4090 426 4146 ibid.
468 4121 505 4134 -
551 4094 581 4162 ²)
604 4095 705 4146 omairro
732 4101 771 4148 est
792 4096 827 4148 nd
850 4098 1030 4152 aeternitatem
1052 4098 1116 4154 ibid.
1151 4127 1188 4143 ·-

126 4163 299 4228 &perficam
315 4163 353 4216 M.
387 4191 424 4201 —
459 4160 489 4231 ⁴)
506 4163 635 4216 nobiscum
652 4168 749 4234 armari
765 4166 804 4220 M.
839 4191 874 4204 -
915 4167 944 4235 ὅ)
961 4171 1138 4232 snrrctissimcc
1154 4170 1192 4224 M.
1209 4199 1245 4212 -

124 4229 154 4298 θ)
172 4235 296 4284 communi
313 4231 341 4284 in
359 4249 393 4284 nr.
410 4233 448 4284 Μ.
483 4261 519 4270 -
560 4234 590 4294 2)
607 4235 732 4302 religiosa
748 4236 787 4287 M.
821 4261 855 4273 -
896 4233 926 4300 8)
943 4238 1137 4306 disperpitis'in
1154 4259 1188 4293 m.
1205 4239 1244 4293 Μ.

121 4299 152 4367 ⁹)
164 4301 197 4351 ¹ia
214 4303 367 4354 mrnrrrlomlo
379 4302 497 4370 {anitiae
512 4302 599 4367 fracte
615 4301 679 4356 ibid.
715 4333 751 4346 -
791 4303 842 4371 1⁰)
858 4305 1031 4370 complaceant
1048 4317 1073 4360 et
1088 4323 1154 4376 qaue
1170 4307 1245 4361 notu

157 4371 293 4437 proficiant
309 4387 409 4438 semper
426 4386 501 4436 opere
518 4373 655 4425 ualeamus.
690 4375 735 4426 Sit
755 4374 871 4442 utrmque
891 4378 1041 4439 parentibus
1063 4381 1090 4430 ia
1108 4378 1154 4429 inc
1177 4379 1243 4434 ibid.

103 4435 333 4506 romanaerium
351 4441 385 4496 T.
402 4441 485 4506 l.2.,
508 4444 535 4492 et
556 4441 586 4493 in
609 4459 643 4494 m.
665 4441 704 4496 Μ.
748 4471 785 4483 ·-
833 4440 883 4509 12)
905 4449 1013 4500 eeucado
1036 4447 1064 4500 in
1082 4465 1118 4500 m.
1135 4447 1173 4500 Μ.
1207 4443 1243 4490 έ-

102 4505 153 4572 ¹³)
170 4526 256 4562 cerem
268 4513 370 4563 cunam
392 4509 457 4562 ibid.
499 4539 537 4550 -
585 4511 819 4578 1⁴)aecmmtroe
845 4513 1014 4570 institutionis
1038 4517 1103 4570 ibid.
1119 4567 1122 4574 ,
1138 4545 1175 4560 ·—

101 4575 152 4641 Η)
170 4579 308 4633 Recitmcr
331 4580 381 4636 hec
403 4579 550 4644 symbolum
567 4580 600 4632 arl
617 4583 726 4642 verbnm
743 4583 773 4638 in
790 4581 879 4635 officio
895 4584 1043 4641 isidoriano
1060 4587 1242 4654 Memmbrrrn,

154 4653 181 4698 et
198 4648 226 4700 in
244 4650 326 4704 Cone.
343 4651 474 4702 Toletano
487 4649 555 4701 Vlll.
573 4666 594 4702 c.
608 4653 632 4706 1.
650 4657 677 4705 et
695 4655 752 4706 llll.
770 4670 794 4706 c·
807 4654 832 4703 l.
868 4676 902 4691 -·
977 4681 1004 4690 --
1191 4668 1195 4683 ’
