2916 5050
192 198 262 286 1811
444 195 581 276 capax
601 193 826 280 mecastor
846 193 1099 264 ararorites..
1144 215 1148 222 ’

194 361 405 450 adspectata
428 333 750 450 senemrtnntppum
770 365 945 452 deferrent,
973 368 1004 452 ln
1028 365 1187 449 praesenti
1206 373 1348 436 tractatu

195 455 257 522 boo
276 439 380 518 visum
400 453 515 536 fuerat,
536 462 572 518 ut
595 456 759 521 munitium
780 454 975 538 indiceretur,
997 473 1058 536 quo
1079 454 1232 518 instructa
1250 453 1349 538 lega-
1394 451 1400 461 ’

104 539 108 548 ’
195 541 240 605 tio
261 549 374 624 posset
389 539 430 604 ad
450 540 512 604 hoc
531 541 695 603 concilium
717 539 874 622 destinari,
895 539 953 607 sed
975 557 1046 602 oum
1065 557 1139 602 eum
1160 541 1348 620 posteriori·

195 626 256 690 bus
280 625 378 692 literis
404 624 601 688 admonerem
630 617 917 706 de‘impednnento
945 625 1077 686 tironum
1088 669 1098 706 ,
1136 633 1171 686 ut
1199 626 1350 708 superias

193 795 267 872 Non
288 793 413 860 dubium
431 803 501 877 est,
528 795 612 878 quod
631 793 784 876 praedicti
799 794 914 858 fratres
937 802 970 856 et
993 793 1133 876 episcopi
1154 795 1252 857 nostri
1271 795 1350 858 Nu-

193 881 317 963 midiae,
339 899 411 944 cum
432 889 527 964 gesta
548 881 671 946 concilii
692 879 881 962 acceperint,
903 885 936 942 et
955 898 1032 942 suos
1053 879 1244 942 adhibebunt
1264 899 1348 944 con-

126 1018 129 1024 .
193 984 310 1043 sensus
330 975 364 1030 et
385 965 416 1028 in
433 963 581 1028 effectum
596 963 751 1028 deducere
773 965 969 1028 maturabunt
985 983 1200 1048 quaecumque
1220 966 1253 1028 iu
1273 967 1348 1046 pla-

89 777 92 788 .
195 709 275 794 dixi,
303 709 462 794 rescriptis
488 709 618 792 propriis
646 711 821 774 excusavit.
870 709 1017 772 Aurelius
1046 711 1215 792 episcopus
1244 705 1348 774 dixit:
1434 713 1435 784 t

195 1051 293 1116 citum
317 1051 470 1116 venerint.
512 1049 597 1114 Cura
625 1069 701 1132 ergo
729 1051 821 1114 istius
847 1049 934 1114 sedis
964 1050 1025 1116 boc
1046 1051 1148 1134 ipsum
1168 1057 1204 1115 ut
1225 1051 1274 1114 eis
1295 1052 1349 1114 in·
1434 1057 1435 1064 ’

194 1134 320 1206 timetur
338 1152 474 1200 necesse
495 1143 547 1198 est
565 1135 728 1250 prouideri.

528 1261 582 1325 De
607 1263 764 1346 episcopis
789 1260 1008 1346 lbipola‘tanis.

126 1425 138 1436 .
278 1359 328 1426 Da
341 1361 541 1444 ’l'ripolitanis
559 1383 636 1426 vero
657 1364 801 1429 tratribus
821 1365 937 1427 nostris
957 1364 1021 1426 hoc
1040 1361 1128 1444 potui
1151 1360 1347 1444 condiscere,

195 1444 279 1532 quod
304 1447 480 1512 Dulcicium
512 1449 637 1513 matrem
662 1457 801 1514 nostmm
828 1447 1053 1512 destinaverint
1082 1449 1245 1531 legatum:
1286 1447 1347 1511 sed

195 1535 268 1617 quit
287 1551 350 1596 non
369 1536 471 1618 potuit
490 1532 662 1616 occurrere,
682 1537 744 1598 hoc
761 1543 1025 1598 asseveravemnt
1039 1533 1162 1615 quidam
1176 1533 1230 1596 lilii
1246 1533 1347 1596 nostri
1434 1575 1435 1580 κ

185 1619 362 1698 venientes
390 1619 431 1682 dc
460 1621 640 1702 supradicta
667 1621 844 1702 provincia,
860 1665 863 1670 -
881 1618 965 1701 quod
990 1628 1179 1682 memoratus
1206 1619 1281 1682 navi
1308 1637 1347 1680 se

195 1705 410 1786 commiserat,
442 1713 477 1768 et
504 1703 693 1770 credendum
723 1714 775 1768 est
803 1705 960 1768 accidisse
989 1695 1166 1766 nonnullam
1193 1703 1234 1766 de
1262 1712 1348 1766 tem·
1434 1701 1435 1758 l

148 1829 152 1834 -
195 1790 372 1877 pestatibus
385 1808 540 1876 moram,
572 1809 654 1874 quae
682 1789 853 1854 retardaret
865 1787 899 1870 ¹)
931 1787 1001 1870 ejus
1027 1789 1215 1874 adventum,
1240 1797 1348 1853 tamen
1434 1803 1435 1872 ξ

195 1876 291 1944 otiam
318 1875 402 1940 circa
426 1875 531 1958 ipsos,
559 1877 588 1940 si
615 1875 738 1940 caritati
757 1884 885 1948 vestrae
910 1869 1030 1960 placet,
1057 1873 1139 1958 haec
1159 1876 1256 1940 forma
1276 1894 1350 1937 ser·
1434 1881 1435 1952 l

195 1960 333 2042 vehitur,
352 1969 389 2024 ut
408 1961 524 2042 placita
543 1960 585 2024 ad
603 1959 734 2024 eosdem
757 1960 881 2023 concilii
901 1962 1153 2023 transmittantur.
1174 1961 1246 2022 ,Ab
1274 1961 1350 2032 uni:
1434 2017 1435 2032 ,

195 2045 299 2108 versis
325 2045 484 2128 episcopis
504 2045 620 2112 dietum
644 2053 713 2110 est:
745 2045 851 2128 Haeo,
872 2062 953 2128 quae
975 2048 1086 2110 statuit
1106 2045 1258 2110 sanctitas
1280 2053 1350 2128 tua,
1434 2085 1435 2140 ,

194 2125 336 2207 omnibus
353 2129 488 2214 placent.
964 2199 969 2216 ⁸

443 2257 532 2325 XCI.
555 2256 620 2324 'De
649 2256 873 2323 conveniendis
902 2257 1098 2322 Donatistis.

278 2359 425 2424 Aurelius
445 2361 615 2442 episcopus
635 2360 728 2424 dixit:
749 2359 842 2440 Quod
862 2361 893 2423 in
914 2368 1079 2424 tractatum
1099 2359 1187 2423 venit
1205 2355 1349 2422 caritatis
1434 2341 1435 2384 ²

196 2451 334 2528 vestrae,
349 2452 425 2528 puto
446 2447 508 2511 hoc
527 2447 755 2510 ecclesiasticis
776 2446 879 2531 gestis
901 2465 975 2510 esse
994 2445 1183 2508 firmandum.
1212 2445 1346 2507 Proles-

195 2531 245 2594 sio
268 2532 350 2593 enim
369 2540 478 2594 vestra
494 2534 628 2595 omnium
648 2533 710 2596 hoc
730 2533 936 2614 deprompsit,
963 2530 1078 2594 debere
1096 2547 1348 2611 unumquemque
1434 2535 1435 2548 ¹

195 2623 335 2680 nostrum
363 2617 394 2679 in
420 2618 549 2680 civitate
578 2637 639 2682 sua
663 2635 721 2698 per
745 2635 782 2680 se
802 2618 978 2680 ,convenire
998 2617 1229 2678 Donatistarum
1250 2634 1347 2696 prae-
1434 2611 1435 2686 l

25 2789 30 2796 ,
87 2765 89 2770 ,
194 2701 334 2784 positos,
363 2708 419 2765 aut
445 2700 615 2786 adjungere
641 2702 702 2764 sibi
728 2702 865 2766 vicinum
893 2703 1064 2786 collegam,
1092 2710 1128 2763 ut
1152 2704 1267 2783 pariter
1287 2717 1347 2762 eos
1434 2717 1435 2796 p

194 2787 228 2870 in
256 2785 390 2868 siugulis
415 2787 588 2869 quibusque
613 2787 793 2850 civitatibus
819 2789 872 2850 vel
892 2788 972 2850 locis
991 2806 1048 2866 per
1068 2787 1271 2870 magistratus
1290 2784 1344 2845 vel
1434 2799 1435 2862 1

195 2871 339 2940 seniores
351 2871 488 2934 locorum
504 2871 701 2936 conveniant.
726 2873 808 2954 Hoc,
821 2873 851 2936 si
861 2872 1002 2934 omnibus
1018 2871 1133 2952 placet,
1151 2867 1345 2948 edicatur2).
1434 2919 1435 2928 ,

195 2954 247 3018 Ab
266 2956 425 3020 ‘universis
445 2953 603 3038 episcopis
623 2957 739 3020 dictum
766 2967 834 3020 est:
865 2953 1015 3022 Omnibus
1041 2957 1146 3036 placet
1175 2963 1208 3018 et
1235 2971 1345 3016 ornnes
1434 3021 1435 3032 χ

195 3037 258 3104 hac
276 3039 504 3122 subscriptione
524 3049 632 3106 nostra
650 3041 839 3106 firmavimus
848 3041 892 3121 ³).
933 3043 1074 3106 Petimus
1094 3043 1198 3122 etiam,
1217 3049 1254 3102 ut
1275 3041 1347 3122 epi·
1434 3045 1435 3100 l

195 3125 288 3189 stolis
313 3125 354 3190 ad
373 3124 500 3208 judices
519 3125 560 3190 de
580 3128 712 3190 coneilio
738 3126 897 3190 mittendis
916 3145 971 3207 pro
1000 3127 1141 3188 omnibus
1168 3125 1345 3188 subscribat
1434 3111 1435 3144 ¹

195 3211 349 3277 sanctitas
376 3219 442 3276 tua.
499 3211 647 3284 Aurelius
675 3211 969 3294 episcopusdixit:
1011 3211 1048 3276 Si
1073 3210 1197 3274 videtui
1221 3209 1344 3274 caritati

195 3305 339 3380 vesbae,
367 3297 466 3362 forma
485 3299 702 3363 conventionis
722 3316 829 3361 eorum
849 3295 1016 3379 recitetur,
1044 3305 1082 3362 ut
1100 3297 1184 3364 huno
1204 3289 1343 3360 tenorem
1434 3295 1435 3352 J

194 3381 426 3462 prosecutionis
452 3401 584 3466 omnes,
616 3381 646 3446 si
676 3383 847 3464 placuerit,
878 3391 1049 3449 teneamus.
1105 3383 1156 3446 Ab
1186 3373 1345 3446 universis
1434 3399 1435 3460 ι

193 3464 354 3549 episcopis
372 3465 490 3530 dictum
511 3476 579 3531 est:
614 3466 786 3532 Recitator.
826 3468 946 3532 laetus
966 3468 1107 3531 noterius
1125 3467 1280 3532 recitavit.

205 3656 207 3662 ,
309 3629 316 3642 .
371 3589 478 3657 XCII.
517 3591 634 3659 mma
661 3595 879 3658 conuentionis
906 3594 1163 3660 Donatistarum.

278 3689 335 3754 llle
355 3695 530 3776 ‘episcopus
554 3696 713 3774 ecclesiae
739 3697 826 3759 illius'
847 3695 945 3761 dixit:
980 3693 1064 3775 Quid
1089 3695 1130 3759 de
1155 3695 1346 3758 auctoritate

192 3775 275 3840 illius
304 3781 515 3860 amplissimae
546 3781 633 3845 sedis
664 3780 950 3865 impetraverimus,
983 3782 1118 3864 petimus
1153 3781 1342 3864 gravitatem

193 3869 333 3924 vestram
352 3866 476 3932 recitari
496 3874 531 3930 et
550 3875 658 3951 gestis
673 3868 793 3932 innecti
810 3875 906 3950 atque
917 3868 958 3929 'in
975 3865 1127 3930 effectum
1147 3866 1262 3931 deduci
1284 3866 1343 3945 ju·
1434 3865 1435 3906 l

191 3945 306 4010 beatis.
343 3945 493 4012 Recitata
517 3961 622 4036 sptem
645 3950 788 4033 jussione
813 3961 908 4034 atque
929 3953 1011 4016 actis
1031 3951 1162 4033 innexa,
1190 3951 1268 4016 diait
1287 3950 1340 4012 ille

191 4031 361 4111 episcopus
388 4035 545 4098 ecclesiae
572 4035 763 4106 catholicae:
798 4036 982 4101 Mandatum
1010 4036 1052 4100 ad
1070 4037 1257 4110 Donatistae
1281 4054 1343 4117 per.

188 4121 330 4182 aeman
355 4121 543 4200 gravitatem
569 4120 800 4200 perferendam·
814 4119 921 4185 audire
952 4130 987 4186 et
1019 4123 1102 4189 actis
1122 4123 1273 4194 ,inserere
1305 4129 1346 4186 et.

188 4198 232 4266 ad
251 4217 311 4266 eos
330 4205 465 4281 perterre
486 4203 665 4289 dignemini,
685 4217 855 4288 cenamque
872 4207 1108 4289 responsionem
1126 4226 1234 4276 rursm
1253 4204 1338 4286 apud

188 4292 263 4354 sota
282 4294 391 4354 vostra
407 4291 500 4356 uobis
518 4289 685 4368 insinuare.
708 4291 932 4362 ‚Convenimus
951 4309 1013 4364 vas
1033 4313 1075 4358 ex
1095 4292 1219 4368 canalii
1239 4290 1346 4372 metri,

74 4580 77 4584 Δ
183 4485 250 4558 Ιιι)
267 4489 473 4548 noemma.
509 4519 544 4533 -
580 4491 609 4560 ι)
626 4491 781 4558 roenna
798 4495 816 4582 .¹·
835 4509 857 4547 ι.
876 4511 902 4562 p.
921 4492 956 4548 aa
973 4501 1026 4549 aa.
1044 4495 1069 4551 o.
1106 4522 1139 4535 —
1181 4481 1212 4571 ι)
1229 4493 1269 4546 ιι.
1288 4459 1342 4568 ,ιζ
1434 4483 1435 4566 j

254 4557 385 4618 amimae.
