2912 5060
113 339 115 346 ,
194 263 258 340 att
389 275 394 284 ·
464 241 717 328 dodonam·
734 197 1080 325 rctmnnunrv.

191 411 455 522 ail'²igdliminlam
481 409 727 518 seivituteinqde
755 423 918 516 perveniat
930 427 952 516 3‘¹
968 421 1169 514 quapropter*
1183 411 1360 490 menenius

195 521 335 604 eosqui
354 517 499 582 ecclesiis
519 523 690 598 praesunt,
716 523 752 578 ut
772 517 855 578 ultra
867 511 948 578 'talia
968 529 1029 579 notr
1050 519 1267 595 praesumant,
1288 511 1360 594 sed

194 598 257 670 l‘ric
283 605 404 667 tanturn
429 603 490 666 sibi
517 604 549 664 in
576 601 773 664 monasteriis
796 601 959 665 vindicent
984 600 1185 680 sacerdotes,
1218 597 1303 679 quod
1317 597 1359 676 ¹]

195 691 389 778 praecipiunt
402 705 557 768 canones,
574 688 669 753 idest
682 687 853 748 monachos
867 687 908 748 ad
922 687 1192 752 conversationem
1204 691 1359 747 sanctam
1444 689 1445 748 l

194 793 395 860 praemonere
406 771 441 852 ²)
449 803 462 854 ,›
487 771 625 835 abbates
644 773 766 854 aliaque
799 771 901 834 officia
915 771 1108 853 instituere,
1137 779 1231 852 atque
1257 777 1360 831 extra

193 861 338 945 tegulam
357 860 444 922 iacta
465 859 628 942 corrigere.
667 855 761 935 Quod
781 857 809 918 si
830 856 945 940 aliquid
964 857 996 917 in
1016 856 1179 942 monachis
1192 853 1225 934 ³)
1247 869 1358 932 canp-
1444 855 1445 892 ³

195 950 287 1011 nibus
321 943 516 1007 interdictum
555 943 819 1023 praesumpserint
853 941 910 1004 aut
936 957 1085 1022 usurpare
1117 935 1272 1022 quidpiam
1307 939 1355 1002 de
1444 987 1445 1024 ,

195 1031 375 1096 monasterii
400 1030 494 1092 rebus
521 1029 725 1108 tentaverint,
751 1027 934 1090 nondeerit
957 1027 1079 1092 abillis
1106 1027 1264 1092 sententia
1284 1045 1355 1086 ex·
1444 1079 1445 1096 ,

122 1127 138 1133 ’“
195 1115 496 1195 commrmicationis,
524 1115 576 1197 qui
596 1132 633 1176 ee
656 1111 806 1196 deinceps
826 1107 1022 1198 nequaquam
1044 1113 1224 1174 sustulerint
1244 1111 1283 1172 ab
1307 1111 1355 1174 il·
1444 1127 1445 1140 ¹

193 1201 296 1268 licitis
347 1207 351 1216 '
382 1226 386 1236 2
489 1223 492 1232 ·

738 1279 804 1342 lili.

1444 1331 1445 1358 l

271 1367 423 1442 ,Nonnulli
448 1365 889 1449 monachommegredientes
905 1381 931 1428 a
951 1367 1139 1432 monasterio
1161 1385 1223 1428 non
1244 1365 1350 1442 solum

179 1443 236 1522 ¹a'd
257 1451 642 1533 'saeculum-revertuntur,
659 1451 824 1513 sedetiam
846 1457 879 1514 et
900 1455 1017 1514 uxores
1036 1452 1210 1532 accipiunt,
1228 1447 1261 1511 hi
1282 1451 1351 1532 igi·
1444 1483 1445 1512 r

197 1554 247 1607 tur
266 1539 406 1604 revocati
428 1539 459 1600 in
481 1537 570 1600 idem·
585 1535 865 1618 monasterium),
887 1555 907 1598 a
927 1553 988 1620 quc
1010 1539 1160 1616 exierunt,
1180 1535 1352 1618 poeniten·
1444 1521 1445 1592 l

194 1630 258 1692 tiae
279 1627 466 1710 deputentur
486 1621 791 1706 ibique⁸)‘de'fleant
812 1623 938 1688 crimina
959 1641 1018 1686 sua
1034 1621 1117 1684 unde
1133 1621 1350 1684 decesserunt.

727 1751 807 1812 11111.

278 1838 435 1921 Religiosi
455 1839 515 1900 viri
528 1836 674 1918 propriae
695 1836 851 1917 regioniS,
879 1835 931 1916 qui
951 1855 1013 1900 nec
1033 1837 1117 1906 iuter
1132 1836 1263 1898 clericos
1285 1853 1347 1896 nec
1444 1829 1445 1854 *

165 1928 274 1996 «later
302 1924 473 1991 monachus
500 1923 668 2002 habentur„
699 1921 769 1984 sive
799 1920 832 1983 hi
858 1921 916 2010 qui,
938 1941 994 2002 per
1020 1922 1146 1987 diversa
1171 1921 1243 1984 loca
1268 1921 1345 2001 vagi
1444 1913 1445 1968 l

140 2022 142 2026 ’
194 2011 331 2080 teruntur
348 2007 382 2088 ⁰)
394 2053 404 2089 ,
444 2008 483 2070 ab
515 2007 673 2088 episcopis
685 2049 696 2086 ,
734 2005 766 2066 in
800 2023 927 2085 quorum
959 2016 1117 2072 conventu
1149 2021 1344 2072 commanere

92 2163 95 2170 ,
194 2095 383 2173 noscuntur,
408 2093 536 2156 licentia
557 2110 661 2153 eorum
683 2098 873 2171 coerceatur,
893 2091 926 2152 in
949 2093 1032 2156 clero
1055 2101 1109 2157 aut
1129 2093 1160 2154 in
1182 2097 1344 2154 monaste-
1401 2087 1445 2170 ’ς

195 2179 248 2242 riis
270 2177 427 2259 deputati,
448 2185 571 2257 praeter
591 2177 650 2238 hos
664 2175 707 2256 l),
730 2176 786 2256 qui·
803 2177 842 2238 ab
863 2167 1014 2258 episccpo
1032 2186 1087 2242 aut
1107 2185 1230 2260 propter
1249 2183 1343 2236 aeta·

195 2273 259 2328 tem
279 2271 334 2326 aut
355 2270 479 2344 propter
499 2264 680 2346 languorem
700 2260 814 2332 fuerint
835 2261 978 2324 absoluti.

628 2389 644 2418 ³¹
728 2387 812 2449 htv.

279 2473 343 2553 lli,
382 2473 434 2554 qui
466 2473 497 2535 iu
527 2471 702 2535 discrimine
736 2472 897 2534 constituti
926 2475 1147 2554 poenitentiam
1178 2468 1346 2554 accipiunt,

195 2559 279 2625 nulla
304 2559 471 2620 manifesta
497 2560 620 2622 scelera
646 2556 851 2638 confitentes,
876 2559 934 2622 aed
960 2567 1078 2624 tantum
1099 2567 1285 2641 peccatores
1308 2577 1344 2620 se

194 2645 429 2728 praedicantes,
451 2643 643 2724 hujusmodi,
663 2644 693 2705 'si
712 2644 909 2727 revaluerint,
930 2653 1063 2726 possunt
1084 2647 1178 2708 etiam
1198 2661 1253 2725 pro
1274 2661 1345 2704 mo-

193 2751 261 2802 rum
282 2731 435 2810 probitate
456 2729 497 2790 ad
517 2729 634 2811 gradus
655 2728 893 2791 ecclesiasticos
913 2733 1098 2812 pervenire,
1128 2728 1181 2812 qui
1201 2729 1344 2790 vero-ita

132 2855 135 2868 ·
195 2815 416 2901 poenitentiam
430 2816 596 2895 accipiunt,
611 2823 647 2890 ut
666 2813 791 2894 aliquod
810 2817 939 2877 mortale
958 2824 1125 2896 peccatum
1145 2821 1344 2896 perpetrasse

195 2900 319 2984 publice
338 2900 501 2978 fateantur,
514 2899 559 2961 'ad
578 2899 693 2962 clerum
709 2899 768 2960 vel
777 2899 912 2963 hencres
927 2901 1164 2964 ecclesiasticos
1180 2901 1343 2982 p'ervenire

195 2985 371 3084 nullatenus
390 2991 525 3066 possunt
536 2984 585 3066 ⁸),
615 2986 687 3076 qui-a
708 3003 745 3046 se
767 2983 966 3049 confessione
985 2989 1108 3069 propria
1127 2990 1323 3050 notaverunt.

161 3210 164 3219 .
260 3152 476 3235 'Quicumque
511 3163 553 3214 ex
583 3153 795 3216 saecularibus
813 3141 1020 3235 ‘accipientes
1052 3156 1274 3236 poenitentiam
1307 3159 1345 3218 se'

196 3241 408 3320 totonderunt,
437 3247 471 3300 et
497 3257 604 3301 rursus
631 3241 885 3320 praevaricantes
911 3241 983 3303 laici
1010 3241 1118 3306 effecti
1139 3251 1228 3324 suut,
1256 3261 1346 3304 com·
1444 3295 1445 3302 ,

197 3327 343 3408 prehensi
364 3323 403 3386 ab
424 3325 574 3405 episcopo
596 3343 654 3386 suo
674 3323 716 3386 ad
735 3325 972 3406 poenitentiam,
994 3345 1036 3387 ex
1056 3339 1117 3409 qua
1136 3336 1347 3408 recesserant,
1407 3342 1421 3362 ‘
1444 3325 1445 3336 ’

197 3418 384 3474 revocentur
394 3409 446 3490 ⁹),
459 3475 460 3478 ,
474 3409 556 3490 quod
578 3411 605 3470 si
628 3411 720 3490 aliqui
740 3427 796 3490 per
815 3411 1104 3494 poenitentiamw)
1125 3409 1347 3476 irrevocabiles

196 3503 271 3558 sunt
290 3513 352 3557 nec
373 3493 521 3556 admoniti
541 3497 752 3574 revertuntur,
774 3513 849 3556 vere
870 3505 905 3558 ut
925 3493 1090 3578 apostatae
1112 3517 1216 3561 coram
1238 3497 1347 3560 eccle-

198 3581 474 3644 siaanathematis
501 3580 658 3640 sententia
686 3580 937 3642 condemnentur.
978 3581 1053 3644 Norr
1074 3585 1162 3646 aliter
1183 3575 1268 3646 et'lri
1293 3585 1346 3664 qui

196 3666 321 3734 detonsi
353 3684 373 3728 a
402 3665 581 3746 parentibus
607 3664 739 3746 fuerint,
769 3674 823 3726 aut
850 3676 962 3746 sponte
989 3687 1048 3730 sua
1074 3671 1201 3732 amissis
1230 3687 1347 3748 peren-

197 3753 280 3814 tibus
311 3769 349 3812 se
379 3749 467 3830 ipsos
482 3748 536 3829 Η)
567 3747 709 3831 religioni
735 3759 890 3813 voverunt
906 3751 961 3831 ¹²)
978 3797 987 3834 ,
1007 3761 1057 3819 ,et
1083 3764 1196 3834 postea
1222 3753 1346 3818 habitus
1444 3733 1445 3818 f

196 3836 378 3904 saeculares
392 3835 455 3914 ¹³)
494 3843 718 3916 sumpserunt:
755 3843 788 3896 et
820 3835 913 3899 iidem
946 3835 980 3899 'a-
998 3839 1163 3904 saeerdute
1190 3826 1346 3917 'c'omprc-
1444 3861 1445 3872 ¹

198 3918 289 3990 iriensi
324 3921 366 4003 ad
397 3922 513 3984 cultum
549 3920 708 4010 religionis
742 3927 814 3984 acta
847 3923 932 4004 prius
954 3943 957 3953 ¹
964 3921 1156 4006 poenitentia
1191 3941 1347 4015 revpcen-

197 4271 216 4304 .·
235 4192 388 4312 llll?
404 4203 440 4325 Τῇ
456 4187 588 4308 tuit,
604 4189 815 4314 tltttlttl
827 4189 894 4301 on
911 4219 1000 4328 o'lo
1017 4195 1349 4332 lltt't’ttlltllt

252 4328 374 4396 -quead
387 4327 468 4379 finem
485 4326 592 4379 emonis
609 4331 704 4383 desunt
719 4332 808 4384 omnia
824 4329 853 4382 in
870 4332 903 4382 A.
931 4361 971 4379 .-
1007 4334 1036 4402 θ)
1053 4336 1225 4402 septtaurini
1242 4336 1287 4403 dl,
1304 4352 1350 4387 oo-

230 4397 235 4402 '
267 4397 445 4464 pietatmaAEa
480 4423 514 4436 -
550 4396 776 4466 'laceratum
791 4399 828 4452 Μ.
863 4427 898 4440 ——
934 4402 1351 4472 ⁸)oelod'..poteruntltl.'—
1444 4413 1445 4426 ¹

209 4465 525 4532 =·⁸)venoceatca·irrrn.
544 4468 580 4518 Μ.
624 4496 660 4514 ω-
710 4471 917 4542 ¹⁰)-pcteatiom
931 4465 977 4524 'AE2
995 4471 1152 4538 naua,
1171 4474 1294 4533 etin'ur.
1313 4479 1350 4530 lu.

211 4537 284 4603 incl)
301 4539 344 4604 orat
362 4539 431 4588 terrai
445 4537 647 4591 emorraeum
664 4541 811 4606 maeotidas
828 4541 925 4606 furtel
940 4555 968 4592 ee
985 4541 1054 4609 ipsos
1071 4545 1098 4598 irr
1117 4561 1149 4596 nr.
1169 4546 1205 4597 Μ.
1236 4536 1273 4588 -’-ἱ

233 4607 282 4675 1²)
300 4607 500 4692 deuouuaotM.
535 4638 569 4648 —
602 4613 651 4678 1³)
670 4610 782 4663 luditum
799 4612 956 4663 sacerdotem
973 4613 1009 4664 M.
1048 4644 1079 4655 -
1189 4623 1197 4654 ·‘
1253 4617 1257 4634 '

917 4809 928 4842 i
