2912 5060
227 261 291 330 1oo
419 236 424 241 ’
487 254 620 324 court
642 257 864 325 uccnusun
886 259 1123 326 arurcrurn.

229 428 427 514 noluerit¹);
460 449 523 494 non
557 439 649 514 putot
672 425 716 502 ,ad
742 429 883 513 injuriam
907 452 999 496 suam
1024 435 1195 516 episeopus
1220 423 1389 516 pertinere,

229 519 313 601 quod
342 519 385 580 illi
411 515 471 580 soli
491 535 553 579 non
573 515 725 598 creditur,
757 517 819 578 etsi
840 520 985 602 scrupulo
1006 523 1149 602 propriae
1169 521 1387 585 conscientiae

229 623 267 670 sa
288 604 364 668 dicit
383 604 512 686 neganti
533 604 615 664 nolle
637 601 873 666 communicare.
1031 605 1036 624 l

275 729 462 795 CXXXIII.
510 727 553 794 Ut
573 749 637 794 aaa
658 733 775 794 temere
797 750 980 814 quamquam
1002 732 1216 793 communione
1233 732 1346 812 privet

660 841 663 848 ·
724 817 898 898 misoqruo.

312 915 466 996 Quamdiu
487 919 756 980 excommunicato
777 936 839 978 non
860 915 1134 978 communicaverit
1154 933 1232 976 suus
1253 913 1383 994 episco-

227 1004 347 1087 pus2),
370 1003 517 1081 eidemi)
539 1004 688 1082 episcopo
711 1003 749 1064 ab
772 1003 841 1063 aliis
861 1021 923 1062 non
945 1003 1188 1064 communicetur
1210 1000 1380 1082 episcopis,

228 1099 265 1152 ut
291 1091 394 1170 magis
422 1095 537 1150 caveat
562 1089 750 1168 episcopus,
769 1106 810 1148 ne
832 1085 974 1174 dicatio
994 1105 1180 1168 quemquam
1209 1085 1293 1174 quod
1311 1085 1382 1148 aliis

227 1174 422 1237 documentis
442 1172 629 1234 convincere
650 1193 713 1254 non
733 1179 849 1252 potest.

312 1257 458 1320 Aurelius
476 1259 644 1338 episcopus
662 1257 757 1319 dixit:
783 1257 883 1319 Juxta
904 1261 1023 1317 statuta
1044 1251 1138 1316 totius
1157 1253 1280 1318 concilii
1301 1273 1382 1318 eon-

229 1341 354 1426 gregati
383 1350 417 1404 et
443 1361 534 1404 meae
555 1343 778 1413 mediocritatis
799 1341 1001 1422 seutentiam,
1028 1341 1133 1420 placet
1154 1339 1259 1402 Iacere
1279 1359 1381 1404 rerum

227 1431 362 1490 omnium
389 1429 636 1509 conclusionem,
664 1428 803 1489 universi
833 1427 913 1488 tituli
943 1425 1099 1507 designati
1127 1433 1160 1486 et
1180 1425 1297 1508 digesti
1317 1427 1380 1487 hu-

222 1511 277 1594 jus
299 1514 361 1575 diei
379 1521 545 1575 tractatum
566 1514 725 1577 ecclesiae
746 1519 841 1596 gesta
861 1511 1051 1592 suscipiant3
1077 1527 1158 1591 quae
1178 1531 1255 1574 voro
1277 1511 1383 1574 adhuc

227 1617 380 1679 expressa
401 1617 463 1660 non
485 1607 578 1679 sunt,
599 1599 650 1661 die
672 1599 817 1680 sequenti
837 1616 893 1678 per
914 1597 1026 1658 fratres
1047 1605 1173 1658 nostros
1193 1596 1378 1660 Faustinum

227 1687 427 1766 episcopum,
458 1683 633 1764 Philippum
654 1691 689 1746 et
708 1685 851 1746 Asellum
871 1682 1074 1764 presbyteros
1101 1682 1272 1744 venerabili
1293 1681 1380 1746 fratri

230 1777 263 1846 et
284 1769 434 1852 episcopo
454 1777 560 1832 nostro
581 1769 742 1833 Bonilaeio
763 1759 980 1833 rescribemus.
1014 1767 1057 1828 Et
1078 1767 1337 1850 subscripserrmt.

272 1895 456 1960 cXXXW.
498 1897 620 1979 Incipit
648 1897 784 1980 epistola
813 1896 853 1958 ab
881 1896 966 1970 omzii
994 1891 1130 1956 concilio
1150 1895 1310 1974 Africano
1337 1895 1382 1958 od

273 2051 274 2056 η
331 1983 540 2060 Βοηῇαοίιιηι
555 1981 640 2043 urbia
653 1981 774 2044 Romae
791 1983 968 2063 qriscopum
978 2001 1041 2064 par
1049 1979 1241 2042 Faustinum
1258 1983 1379 2062 cpisco-
1444 2043 1445 2052 ,

237 2181 239 2190 Ι
326 2087 422 2149 pum,
448 2067 630 2150 Philippum
640 2065 1061 2216 diaiffthi’ifflm
1082 2063 1204 2149 legatos
1226 2065 1381 2130 ecciesiae
1444 2073 1445 2096 ³

267 2273 405 2334 Domino
427 2272 609 2335 beatissimo
640 2279 674 2336 et
694 2271 873 2336 honorabili
894 2273 1001 2352 fratri
1020 2270 1193 2350 Bonifacio
1212 2252 1377 2346 Aureliae,

215 2381 218 2388 ’
338 2357 525 2420 Valentinus
549 2361 679 2444 primae
707 2360 793 2422 sertia
815 2359 1003 2440 provinciae
1023 2354 1196 2420 Nmnidiue
1221 2359 1253 2416 et
1272 2357 1383 2434 ootcri¹
1444 2431 1445 2444 χ

332 2443 386 2525 qui
405 2449 594 2524 praesentes
616 2445 777 2526 odfipimua
796 2463 924 2506 nomem
951 2439 1111 2505 CCXVII.
1133 2461 1174 2503 ea
1195 2439 1279 2502 omni
1300 2457 1378 2501 con-
1444 2455 1445 2464 ¹

675 2529 751 2592 cilio
772 2529 919 2610 Africae.

289 2625 464 2716 'Quoniam
491 2625 551 2692 deo
577 2631 712 2712 placuit,
738 2639 775 2694 ut
802 2629 842 2693 de
869 2631 919 2692 his
947 2647 1028 2712 quae
1053 2625 1215 2699 nobiscum
1244 2635 1379 2710 egemnt

225 2716 329 2778 sancti
358 2715 470 2776 fratres
499 2717 615 2799 nostri,
642 2716 851 2798 ccipiscopus
871 2715 1043 2778 Faustinus
1071 2721 1104 2774 et
1131 2713 1377 2794 compresbyteri

224 2793 387 2881 Philippus
408 2807 441 2862 et
454 2801 594 2882 AselluS,
616 2819 676 2863 non
697 2805 811 2864 beatae
831 2802 998 2864 memoriae
1019 2797 1213 2880 episcopm)
1233 2797 1376 2882 Zosimo,

178 2955 183 2966 ¹
226 2901 328 2966 aquo
350 2885 391 2947 ad
411 2905 470 2947 nos
490 2886 637 2949 mandata
664 2895 697 2948 et
721 2888 827 2949 literas
855 2887 1037 2967 attulerunt,
1066 2883 1125 2946 sed
1144 2891 1217 2945 tuae
1237 2903 1378 2952 venera·
1443 2925 1444 2936 r

225 2970 320 3052 tioni,
349 2969 460 3053 quiin
487 2968 556 3050 ejus
583 2972 685 3034 locum
695 2970 728 3049 ⁵)
758 2991 795 3036 es
815 2971 962 3036 divinitus
982 2971 1189 3050 constitutuS,
1216 2968 1377 3032 humilitas
1443 2989 1444 3000 ¹

225 3064 332 3117 nostra
359 3055 560 3136 rescriberet,
588 3075 627 3118 ea
655 3057 790 3119 breviter
809 3058 965 3120 insinuare
986 3055 1152 3136 debemus,
1177 3071 1259 3136 quae
1286 3064 1379 3116 utro-³
1443 3027 1444 3105 i

223 3158 352 3222 rumque
373 3140 539 3204 concordia
559 3141 722 3206 terminata
742 3149 834 3224 sunt,
860 3162 923 3204 noo
946 3136 986 3204 ea
1007 3159 1089 3222 quae
1109 3139 1236 3220 prolixis
1258 3149 1375 3223 gesto-

223 3244 290 3288 rum
309 3225 516 3288 voluminibus
536 3227 749 3309 continentur,
776 3227 807 3290 in
829 3229 941 3309 quibus
968 3227 1059 3288 salve
1080 3225 1203 3308 quidem
1230 3227 1373 3310 caritate,

223 3331 286 3372 non
313 3320 418 3373 tamen
444 3312 512 3372 sine
531 3330 629 3390 parvo
651 3314 862 3376 altercationis
880 3312 986 3375 labore
1006 3311 1157 3373 demorati
1177 3329 1304 3392 sumna,
1333 3331 1373 3374 ea

223 3397 327 3479 gestis
346 3395 554 3478 deliberantes
564 3395 614 3478 ⁰),
643 3417 724 3482 quae
744 3417 828 3461 nunc
849 3397 890 3460 ad
912 3409 1040 3460 causam
1059 3397 1232 3478 pertinent,
1259 3415 1373 3477 quam-
1442 3415 1443 3418 ’

223 3499 316 3560 quam
338 3489 371 3542 et
388 3481 457 3561 ille,
479 3481 507 3542 si
528 3480 630 3544 adhuc
651 3491 740 3547 esset
760 3485 792 3545 in
812 3501 955 3564 corpore,
978 3482 1040 3545 hoc
1060 3483 1218 3562 acciperet
1238 3483 1370 3564 gratius,

215 3565 306 3645 quod
338 3565 461 3627 videret
488 3569 632 3645 pacatius
664 3569 880 3648 terminatum,
911 3567 1035 3629 domine
1068 3567 1171 3630 trater.
1222 3567 1373 3647 Apiarius

220 3651 395 3733 presbyter,
415 3649 456 3712 de
477 3648 567 3731 cujus
588 3659 622 3714 et
637 3653 827 3716 ordinatione
848 3661 882 3715 et
903 3653 1221 3716 excommunicatione
1241 3659 1275 3716 et
1294 3655 1371 3734 pro·

220 3737 388 3798 vocatione
419 3737 521 3799 fuerat
550 3746 690 3802 exortum
716 3759 779 3802 non
805 3739 906 3801 solum
934 3737 1080 3801 Siccensi
1092 3781 1102 3819 ,
1135 3755 1245 3800 vemm
1274 3739 1370 3802 etiam

220 3822 318 3884 totius
335 3819 502 3884 Africanae
523 3824 680 3886 eeclesiae
700 3843 763 3887 non
782 3824 854 3886 leve
876 3823 1067 3903 scandalum,
1091 3821 1132 3886 de
1154 3823 1294 3888 omnibus
1316 3843 1370 3886 er-

218 3907 295 3970 ratis
308 3905 341 3985 ⁷)
371 3909 438 3969 suis
466 3907 590 3970 veniam
617 3919 731 3990 petens
758 3909 965 3972 communioni
991 3916 1042 3970 est
1067 3909 1239 3972 restitutus
1279 3909 1369 3971 Prior

219 4000 323 4054 autem
344 3993 552 4074 coepiscopus
572 4003 680 4074 noster
702 3994 864 4058 Siccensis
884 3993 1049 4074 Urbanus,
1078 3993 1161 4075 quod
1182 3993 1213 4054 in
1235 4009 1273 4053 eo
1294 4009 1368 4055 cor-

216 4076 380 4160 rigendum
400 4077 502 4141 visum
523 4087 574 4140 est
584 4120 594 4160 ,
625 4080 694 4141 sine
714 4079 777 4140 ulla
798 4079 989 4148 dubitatione
1010 4079 1165 4160 correxit;
1192 4077 1266 4159 quia
1289 4097 1367 4140 vero

216 4163 288 4244 paci
309 4170 342 4224 et
363 4163 459 4245 quieti
481 4163 637 4230 ecclcsiae
657 4183 720 4226 non
740 4171 860 4226 tantum
881 4163 921 4226 ad
950 4181 1101 4243 praesens
1128 4161 1187 4226 sed
1208 4163 1303 4224 etiam
1334 4164 1367 4226 in

137 4292 147 4300 -
214 4255 373 4330 postemm
393 4247 641 4331 prospiciendum
673 4247 747 4332 fuit,
777 4247 921 4332 quoniam
947 4248 1023 4313 talia
1049 4248 1145 4313 multa
1176 4265 1367 4330 praecesse-

213 4405 411 4426 *-

249 4460 480 4558 mammem}
504 4491 643 4544 denuntio
661 4491 693 4545 C.
711 4490 746 4546 Η.
785 4519 820 4536 ω
868 4495 898 4563 2)
919 4511 982 4550 auus
999 4511 1040 4563 ep·
1066 4491 1186 4548 daaatin
1204 4493 1235 4548 C.
1253 4455 1307 4547 II.¹
1329 4522 1364 4533 -

223 4561 419 4626 ,³Jeic.ll.
454 4589 490 4601 -
533 4561 729 4630 ‘idhpapoa
764 4589 799 4609 κ-
841 4565 944 4632 ⁵)loao
961 4563 1232 4633 enituerunt.
1268 4593 1304 4603 -·

237 4633 274 4691 ⁴}
293 4629 531 4686 delibantrrdlard.
569 4661 602 4672 -·-
645 4639 673 4696 7)
692 4633 822 4736 orror-ilipa
841 4634 871 4686 C.
889 4637 967 4704 Hiap.
987 4643 1013 4688 et
1031 4633 1122 4688 Hand..
1151 4659 1192 4684 w·—
