2880 5050
233 257 327 346 me
488 250 729 322 corronium
753 247 1028 317 rounrnnuu-
1043 247 1141 314 xvr..

323 508 460 578 Grandis
492 509 607 591 populo
642 505 733 572 datur
765 505 992 572 emendationis
1025 502 1206 588 correctio,
1243 503 1282 574 si
1315 499 1416 588 gestaf

239 598 403 682 synodalia
431 595 504 658 dum
531 592 718 674 quandoque
745 603 937 676 peraguntur
962 589 1111 654 relatione
1142 588 1350 670 pontificum
1380 587 1416 652 in'

239 685 308 763 suis
327 678 482 763 parochiis
502 677 703 759 publicantur.
744 680 788 740 Et
811 677 882 740 ideo
902 672 1218 758 planedeoernimus
1239 673 1416 736 unanimi-r

239 777 306 831 tate
324 762 467 844 connexi,
482 771 518 823 ut
534 761 606 823 dum
623 761 655 824 in
670 761 808 842 qualibet
828 759 988 842 provincia
1007 757 1172 822 concilium
1196 755 1356 842 agitatur
1368 751 1416 839 ¹),¹

239 849 453 933 unusquisque
481 842 697 928 episcopomm
724 843 982 910 admonitionibus
1008 842 1076 906 suis
1102 843 1183 906 infra
1216 863 1294 924 serr
1319 865 1400 906 men·

240 936 321 1002 sium
347 932 450 1016 spatia
467 930 501 1011 ²)
530 947 640 1018 omnes
671 929 829 1010 abbates,
859 931 1088 1011 presbyteres,
1115 927 1285 992 diacones
1313 939 1397 1009 atque

240 1020 373 1086 clericor
395 1035 452 1080 seu
473 1013 566 1078 etiam
587 1033 709 1078 omnem
730 1025 919 1080 conventum
938 1011 1077 1076 civitatis
1097 1009 1200 1092 ipsius
1228 1013 1295 1086 orbi
1314 1033 1397 1094 prae-

241 1125 317 1182 esse
346 1098 557 1184 dignoscitur,
586 1117 647 1162 nec
672 1119 735 1160 non
762 1109 797 1162 at
822 1108 968 1162 cunctam
988 1096 1143 1162 dioecesis
1159 1118 1255 1170 ‚suae
1279 1100 1395 1179 plebem

240 1206 419 1274 aggregare
451 1202 647 1267 nequaquam
681 1193 837 1264 moretur,
874 1193 1030 1266 qnatenus
1059 1201 1161 1246 coram
1190 1183 1247 1246 eis
1280 1185 1394 1264 publico

241 1273 343 1338 omnia
369 1278 509 1336 reserata
536 1269 576 1332 de
603 1268 671 1349 his,
699 1287 780 1349 quae
802 1267 1014 1342 eodemanno
1035 1263 1067 1330 in
1087 1263 1225 1330 concilio
1250 1279 1337 1332 acta
1359 1270 1393 1330 vol

240 1356 370 1434 delinita
394 1353 572 1439 extiterint,
598 1348 780 1434 plenissimo
808 1352 946 1418 notiores
967 1351 1140 1418 efficiantur
1154 1352 1198 1430 8).
1247 1355 1392 1416 Profecto

241 1441 358 1510 etenim
384 1459 549 1523 pravorum
575 1437 732 1510 severitas
759 1437 947 1521 extirpatur,
976 1438 1049 1503 dum
1074 1434 1231 1500 canonica
1250 1437 1393 1508 ¹instituta

241 1531 282 1594 ad
312 1525 504 1610 agnitionem
530 1543 636 1588 eorum
663 1523 860 1586 observanda
887 1521 989 1586 modis
1016 1519 1158 1586 omuibus
1183 1521 1391 1602 deducuntur,

241 1616 287 1678 ito
313 1611 453 1692 scilieet,
481 1619 518 1672 ut
543 1629 706 1690 quaequae
720 1608 755 1686 4)
781 1617 855 1670 sunt
881 1617 937 1672 ant
956 1607 989 1671 in
1010 1605 1186 1688 praeteritis
1208 1607 1330 1688 gestis
1350 1617 1391 1669 aut

240 1696 458 1783 praesentibus
478 1693 671 1774 constitutis,
692 1694 795 1756 nullus
816 1693 866 1756 his
888 1691 1100 1756 contradicere
1122 1691 1246 1764 audeat
1260 1691 1310 1774 ⁵),
1333 1695 1391 1755 nul·

241 1787 291 1848 lus
312 1803 352 1846 ea
371 1781 569 1846 reverberare
598 1786 795 1861 praesumat,
826 1779 929 1842 nullus
959 1777 1178 1857 non‘implere
1208 1779 1391 1840 contendat.

242 1866 336 1948 Quod
349 1937 352 1942 ,
365 1866 395 1932 si
422 1863 576 1946 quispiam
606 1883 647 1926 ea
675 1872 729 1924 aut
755 1861 1008 1944 parvipendenda
1034 1858 1200 1940 crediderit
1230 1872 1294 1924 aut
1323 1884 1391 1926 eon-

240 1952 409 2016 temnenda
426 1948 581 2032 delegerit
601 1957 785 2020 outcontra
806 1948 887 2012 haec
899 1945 1122 2029 ,inobedientia
1147 1945 1315 2030 tumidus,
1342 1968 1391 2010 su-

241 2035 413 2102 surratione
440 2035 572 2114 plenus,
599 2029 716 2094 invidia
742 2029 892 2095 incensus
921 2043 955 2095 et
981 2033 1170 2098 laceratione
1197 2033 1391 2112 perfunctus,

240 2141 301 2186 nec
321 2140 383 2182 non
403 2116 506 2197 potius
528 2115 706 2178 earunrdem
727 2114 938 2180 definitionum
949 2115 983 2198 6)
1005 2118 1144 2186 extiterit
1164 2117 1276 2180 fautor
1298 2119 1390 2180 bene-

239 2207 347 2285 volus,
373 2197 531 2265 sententia
556 2198 886 2274 excommunicationis
910 2203 1038 2270 duorum
1065 2200 1220 2266 mensium
1241 2202 1389 2268 curriculo

239 2288 389 2374 persistet
409 2303 636 2370 usquequaque
657 2287 835 2376 mulctatus.

323 2495 404 2555 Dum
433 2499 564 2556 sanctae
594 2489 729 2555 actionis
755 2493 860 2554 studia
888 2509 927 2554 ac
953 2490 1093 2554 fervidae
1105 2490 1304 2558 intentionis
1324 2503 1391 2556 voto

239 2581 335 2662 longe
349 2580 476 2658 lateque
490 2577 604 2642 diffusa
619 2575 779 2658 principali
794 2573 984 2639 exhibitione
999 2574 1122 2640 cunctis
1137 2579 1248 2660 patule
1265 2579 1391 2662 liquent,

240 2673 274 2727 et
287 2664 326 2742 ¹¹)
351 2660 509 2725 ecclesiae
533 2671 666 2724 sanctae
692 2660 867 2724 catholicae
895 2663 1055 2724 obtutibus
1079 2663 1150 2724 luce
1176 2662 1301 2727 elarius
1328 2661 1390 2726 eni-

238 2755 385 2828 tescunt,
407 2755 526 2830 cogunt
546 2747 742 2808 adunationis
761 2755 888 2810 nostrae
908 2755 1098 2808 conventum
1119 2745 1283 2828 quidpiam
1307 2752 1389 2812 salo-

241 2834 299 2894 tari
327 2831 505 2912 provisione
522 2831 557 2910 ⁸)
584 2830 775 2913 depromere,
802 2841 837 2893 et
865 2831 1196 2894 cansa'retribntionis
1218 2835 1304 2912 proli
1317 2827 1388 2914 'ejus

239 2917 355 2998 aliquid
380 2933 551 2998 congruum
580 2927 635 2978 aut
668 2916 844 2998 expedibile
869 2916 1088 2999 promulgare,
1117 2935 1178 2998 quo
1206 2925 1244 2978 et
1274 2937 1389 3000 paren-

239 3004 293 3065 tali
314 2997 495 3062 exhibitioni
509 2999 543 3078 ⁰)
571 3019 626 3080 pro
642 2993 729 3063 bene
750 3000 853 3084 gestis
872 2998 1033 3063 videamur
1053 3000 1277 3082 aliquantulum
1303 3023 1388 3086 opem

237 3084 465 3149 beneficentiae
486 3083 632 3164 reddere,
655 3095 688 3146 et
707 3087 848 3147 sobolem
869 3084 939 3164 ejus
959 3085 1031 3167 piae
1052 3082 1243 3148 defensionis
1264 3106 1309 3150 ac
1331 3091 1388 3150 tui·

236 3174 332 3234 tionis
352 3169 533 3232 necessario
561 3165 727 3230 munimine
754 3168 957 3250 praemunire.
998 3169 1252 3233 Gloriosissimus
1274 3173 1388 3234 etenim

238 3277 277 3322 ac
297 3250 517 3321 serenissimus
537 3253 679 3318 dominus
698 3251 929 3338 noster-Egica
949 3273 1005 3316 rex
1026 3253 1249 3318 ferventissimi
1274 3260 1388 3320 amoris

238 3339 358 3406 Christi
391 3341 467 3421 igne
499 3359 676 3403 succensus
710 3349 742 3402 et
774 3349 905 3402 sanctae
938 3336 1072 3402 aetionis
1104 3359 1164 3421 ope
1193 3339 1387 3422 perfunctus,

224 3426 425 3489 inimicorum
453 3424 572 3487 Christi
599 3423 781 3505 perfidiam,
809 3422 884 3485 illud
911 3424 1093 3503 prophetale
1121 3423 1300 3488 vaticinium
1327 3445 1387 3486 se-

236 3530 355 3593 quens:
382 3507 496 3571 Nonne
518 3512 572 3590 quo·
593 3509 727 3570 oderent
748 3515 781 3570 te
802 3509 888 3586 dcam,
911 3508 1037 3569 oderam
1062 3509 1133 3582 illos
1154 3515 1187 3570 ct
1207 3530 1301 3592 super
1321 3511 1386 3572 iori-

236 3599 334 3659 mo'ooa
350 3602 421 3655 tuos
435 3593 632 3654 tabescebam
639 3587 719 3671 ¹¹⁰)‘f
738 3603 849 3672 utpote
863 3610 961 3654 verus
977 3593 1385 3672 christicolaobnixius11]

235 3689 396 3764 proterere
424 3676 574 3758 decernit,
595 3677 753 3739 ecclesiae
775 3678 825 3738 dei
851 3685 970 3750 statum
998 3675 1126 3760 vigilaci
1154 3677 1308 3741 instantia
1334 3699 1384 3741 ro-

226 3769 344 3836 borare
371 3762 524 3844 disponit,
551 3763 674 3826 ¹sanctis
707 3761 758 3822 dei
788 3761 926 3824 basilicis
952 3779 1027 3824 sese
1047 3760 1226 3826 munificum
1247 3763 1382 3844 exhibet,

235 3850 417 3913 tributorum
436 3846 647 3928 impensiones
667 3847 790 3928 populis
807 3847 1015 3908 moderamine
1030 3846 1165 3910 discreto
1178 3846 1312 3912 remittit
1324 3847 1382 3928 ¹¹),

235 3935 372 4018 maligna
392 3941 500 3995 contra
520 3951 557 3993 se
578 3931 786 3994 obstinatione
808 3931 974 4014 agentibus
995 3933 1088 3994 animi
1108 3931 1293 3995 liberalitate
1312 3953 1382 4018 gro-

236 4019 358 4082 tiasima
396 4035 435 4080 ac
467 4014 539 4096 piae
577 4015 787 4079 miserationis
823 4011 970 4078 instantia
1006 4013 1173 4100 ignoscere
1208 4022 1383 4098 consuevit,

272 4251 301 4320 1)
318 4251 404 4318 opiter
421 4250 448 4304 in
468 4269 501 4305 m.
518 4254 562 4306 Μ.-
601 4281 636 4292 —
689 4245 847 4317 2).spolo'om
864 4249 902 4305 M.
947 4279 982 4292 --
1035 4251 1064 4319 ³)
1082 4267 1169 4303 eornm
1187 4252 1382 4320 enpuoteetoo

303 4323 389 4374 omnio
412 4331 508 4374 reseret
531 4337 596 4392 quoe
620 4320 705 4374 endon
728 4336 794 4371 oooo
819 4324 845 4374 io
867 4322 973 4384 condito
995 4329 1054 4372 octo
1071 4323 1110 4372 ool
1127 4321 1232 4384 definito
1247 4321 1383 4374 oroeooomr

300 4390 329 4442 in
346 4409 380 4444 m.
398 4391 436 4443 M.
476 4421 512 4431 --
555 4392 586 4456 ⁴)
604 4406 667 4458 quoe
684 4389 722 4442 Μ.
762 4417 798 4428 -
835 4393 873 4460 ,5)
891 4393 997 4446 Verbar
1024 4393 1110 4453 collos
1127 4413 1161 4430 «-
1179 4391 1271 4462 oodeot
1289 4391 1381 4444 desunt

302 4477 344 4528 ap.
355 4461 392 4512 Μ.
411 4490 446 4499 -
472 4458 501 4526 ὓ)
517 4461 704 4522 imlitotiooom
713 4459 754 4534 M„
769 4489 805 4502 -
831 4461 858 4528 ⁷)
878 4469 902 4514 et
919 4460 1043 4514 onaaM.
1061 4490 1097 4500 -
1123 4458 1326 4534 „promissione
1342 4463 1380 4514 Μ.

249 4528 479 4664 ltqeqlht'bi‘t'iqoq
492 4531 528 4582 M.
563 4529 689 4652 {¹11ng
712 4527 809 4604 Psalm.
827 4531 893 4598 139,
912 4531 955 4584 21.
990 4558 1038 4592 -,
1066 4531 1115 4595 U)
1133 4529 1258 4602 obnoxios
1274 4529 1310 4583 Μ.
1345 4560 1379 4570 -

316 4615 430 4652 morae
483 4616 617 4663 „omae
683 4625 820 4659 .-,
