2880 5050
311 263 553 341 colticarum
579 268 849 342 consumtum
869 273 971 338 XVll.
1152 271 1218 339 389

22 458 197 513 sanctae
221 445 379 515 ecclesiae
400 463 493 528 quam
513 445 603 531 genti
622 463 662 509 ac
681 445 801 527 patriae
821 463 899 506 suaa
919 463 1087 526 prorogare
1108 443 1214 507 inten-

26 536 112 618 dit,
148 536 324 616 cupientes
345 533 377 594 in
405 533 507 614 aliquo
536 529 638 594 e‘idem
664 531 794 612 principi
824 532 906 611 piam
922 529 955 606 ¹)
982 530 1213 594 retributionem

28 619 253 702 rependere,
279 638 337 700 per
361 617 455 697 hujus
481 616 668 680 delinitionis
691 625 818 678 nostrae
839 615 1034 677 sanctionem
1056 616 1213 696 depromi·

29 723 120 768 mus
145 714 187 767 et
211 725 267 786 per
285 702 463 766 individuae
484 703 630 765 trinitatis
645 702 820 763 inviolabile
835 709 1063 762 sacramentum
1079 709 1211 765 cunctos

32 801 115 855 tam
148 811 242 854 nunc
269 791 483 852 consistentes
511 804 603 868 quam
628 787 740 850 futuris
760 785 949 874 temporibus
971 785 1138 867 cujuslibet
1157 806 1211 848 om

31 878 134 940 dinis
159 877 220 936 vel
249 873 376 959 generis
397 875 538 935 homines
558 873 770 935 succedentes
796 873 1001 934 convenimus
1021 889 1061 934 ac
1074 871 1109 950 ²)
1129 891 1209 934 con·

31 970 241 1042 testamur,
276 969 313 1022 ut
340 961 369 1020 si
402 957 588 1040 quandoque
616 958 784 1040 contigerit
803 955 896 1038 *quod
923 957 1060 1039 gloriosa
1087 957 1209 1020 domina

36 1047 161 1110 Cixilo
185 1047 297 1128 regina
317 1044 442 1105 diutinis
464 1052 498 1105 et
521 1044 709 1105 felicioribus
733 1043 923 1105 serenissimi
944 1044 1042 1103 nostri
1062 1043 1208 1122 principis

37 1131 198 1215 Egicani
219 1131 309 1192 annis
329 1129 496 1191 transactis
515 1129 663 1211 religiose
685 1129 802 1190 existat
822 1129 853 1189 in
872 1127 1025 1188 viduitate
1046 1137 1209 1207 superstes

41 1228 154 1298 atque
179 1235 224 1278 ex
245 1235 283 1277 eo
305 1215 446 1278 habuerit
465 1213 663 1276 dulcissimas
684 1215 802 1295 proles,
829 1214 912 1274 nulla
931 1211 1137 1274 mordacitate
1157 1214 1209 1273 in-

38 1303 163 1364 vidiae
192 1302 293 1382 pulsi,
321 1300 405 1361 nullo
433 1299 496 1360 odii
523 1301 647 1361 stimulo
677 1299 739 1360 acti
746 1345 756 1379 7
783 1299 866 1360 nullo
892 1297 1065 1360 diabolicae
1091 1297 1209 1360 fraudis

42 1389 213 1449 instinctu
232 1387 364 1467 permoti
383 1393 493 1446 contra
513 1403 570 1446 eos
591 1385 754 1465 quisquam
775 1392 906 1446 conetur
925 1401 1109 1466 assurgere3
1135 1383 1207 1443 nul-

42 1474 100 1534 lus
123 1474 210 1534 citra
231 1469 420 1534 evidentium
445 1471 604 1550 culparum
630 1467 777 1532 indicium
804 1488 861 1548 per
888 1487 1100 1549 quascumque
1126 1469 1206 1530 suh-

43 1559 223 1618 tilissimas
249 1555 470 1640 indagationes
495 1555 694 1616 nocibilitatis
721 1554 874 1616 adversus
894 1573 953 1614 eos
972 1555 1129 1634 perquirat
1146 1572 1205 1616 oc-

48 1643 229 1722 casiones3
257 1642 350 1703 nullis
378 1661 482 1702 eorum
507 1642 576 1702 vita
602 1639 770 1719 cujuslibet
796 1641 945 1700 instantia
969 1641 1128 1701 obteratur
1153 1641 1205 1700 in·

47 1727 245 1808 justissimis
267 1725 390 1806 taediis,
411 1727 503 1786 nullis
523 1734 700 1788 maceretur
719 1723 845 1804 inediis3
866 1725 968 1785 nullus
988 1743 1111 1804 quoque
1132 1723 1204 1786 filiis

51 1832 95 1875 ac
117 1811 244 1874 filiabus
266 1831 371 1872 corum
383 1809 416 1888 8)
430 1819 539 1873 contra
554 1829 660 1872 eorum
673 1811 867 1872 voluntatem
887 1810 1045 1891 religionis
1064 1809 1203 1872 habitum

50 1889 215 1978 imponat,
244 1905 300 1958 aut
325 1896 410 1957 exilii
431 1897 598 1978 ergastulis
618 1895 840 1976 mancipandos
860 1903 993 1976 statuat,
1020 1915 1122 1976 neque
1141 1894 1203 1956 fla-

52 1983 212 2066 gellorum
237 1982 418 2044 verberibus
447 1983 586 2062 cruciet,
615 2001 672 2062 per
698 1980 781 2062 quod
806 1988 838 2042 ct
865 1980 1017 2062 dignitate
1044 1983 1203 2061 priventur

52 2077 88 2130 et
111 2075 205 2129 extra
225 2067 362 2130 debitum
383 2065 525 2146 justitiae
546 2066 683 2127 ordinem
704 2085 804 2128 rerum
824 2083 948 2128 suarmn
969 2068 1016 2126 eis
1036 2067 1152 2128 habitio
1167 2064 1203 2143 ⁴)

52 2155 214 2216 auferatur
227 2198 237 2232 ,
266 2153 324 2214 sed
351 2154 467 2232 quietis
495 2171 534 2214 ac
558 2153 787 2232 tranquillitatis
814 2169 874 2232 ope
900 2151 998 2212 fulciti
1027 2159 1091 2212 tam
1119 2151 1204 2232 quod

55 2241 106 2300 eis
122 2237 156 2315 ⁵)
189 2237 230 2298 de
261 2239 412 2318 parentali
440 2238 589 2306 facultate
616 2237 721 2298 debita
747 2237 910 2299 successio
936 2236 1076 2316 dederit,
1110 2255 1203 2318 quam

56 2324 153 2386 etiam
181 2319 264 2402 quod
292 2341 348 2402 per
374 2323 593 2383 auctoritatum
614 2323 738 2384 oracula
758 2323 840 2382 idem
861 2323 1123 2384 clementissimus
1143 2322 1203 2384 do-

58 2409 162 2471 minus
181 2414 288 2467 noster
307 2407 367 2466 illis
387 2407 527 2467 conferre
547 2407 688 2468 maluerit
702 2407 755 2468 vel
776 2426 857 2488 quae
879 2407 921 2468 ab
939 2408 999 2467 illis
1016 2405 1103 2486 juste
1121 2426 1202 2468 con-

60 2493 175 2575 quisita
204 2491 387 2570 extiterint,
421 2492 640 2570 imperturbato
669 2491 739 2572 jure
768 2491 950 2573 possideant
977 2500 1010 2551 et
1038 2492 1078 2552 de
1107 2493 1202 2554 rebus

60 2579 138 2660 ipsis
164 2575 304 2656 judicare
339 2575 421 2656 quod
449 2578 603 2638 voluerint
636 2576 846 2640 incunctatam
873 2577 1029 2638 licentiam
1056 2578 1201 2639 habeant.
1293 2569 1294 2572 '

58 2665 280 2728 Necessarium
307 2663 389 2721 enim
416 2663 584 2744 unicuique
610 2661 704 2724 debet
731 2664 855 2743 videri,
891 2670 927 2722 ut
955 2655 1201 2724 sacerdotalibus

60 2748 305 2830 praemuniantur
332 2748 465 2808 oraculis
494 2757 527 2809 et
553 2767 658 2808 eorum
689 2748 802 2810 edictis
827 2747 993 2810 reddantur
1018 2750 1201 2828 peremnia

61 2834 209 2895 liberales.
258 2830 319 2909 Qui
334 2830 368 2909 ⁶]
395 2833 423 2892 si
444 2833 630 2913 quandoque
651 2835 812 2895 extiterint
833 2833 993 2912 destituti,
1026 2835 1199 2896 secundum

62 2919 198 2982 canonici
229 2918 372 2998 vigorem
408 2917 503 2979 edicti
536 2918 734 2981 sacerdotum
767 2919 934 2980 manebunt
967 2918 1199 2982 defensionibus

64 3001 232 3066 contuendi.
272 3001 308 3062 Si
335 3002 405 3080 quis
431 3000 527 3084 igitur
550 3004 612 3065 hoc
637 3005 766 3084 pietatis
787 3005 924 3066 edictum
943 3005 1119 3066 violandum
1138 3005 1198 3066 ‹te-

64 3090 186 3171 legerit,
212 3085 425 3148 inlinnandum
454 3088 618 3150 crediderit
639 3099 693 3151 aut
715 3109 837 3172 quoquo
859 3097 954 3170 pacto
975 3099 1126 3152 temerare
1147 3093 1198 3151 in-

66 3173 204 3254 tenderit,
232 3171 273 3232 sit
298 3173 439 3252 perpetui
468 3175 677 3244 anathematis
695 3176 813 3237 ultione
834 3175 1014 3256 damnatus,
1043 3177 1197 3257 apagina

66 3259 187 3322 coelesti
211 3257 357 3336 abrasus,
385 3265 479 3344 atque
507 3277 579 3324 cum
605 3260 729 3326 diabolo
753 3259 886 3346 ejusque
911 3261 1007 3324 sociis
1029 3263 1198 3327 acrioribus

23 3429 26 3440 Ι
66 3344 214 3426 suppliciis
235 3341 391 3428 alligatus.
1099 3351 1102 3356 ·

31 3571 33 3583 s
143 3513 227 3574 Sicut
254 3511 389 3574 fidelium
416 3512 557 3594 probitas
583 3534 697 3597 magno
725 3515 820 3578 debet
850 3514 984 3578 dationis
998 3515 1032 3592 a)
1059 3516 1197 3596 praemio

68 3599 213 3678 munerari,
235 3598 278 3658 ita
298 3598 464 3661 infidelium
484 3600 624 3680 pravitas
642 3599 811 3663 fortissimo
832 3603 976 3683 congruit
991 3599 1196 3680 judicantium

71 3700 200 3744 mucrone
228 3685 364 3762 percelli.
404 3685 692 3767 Aequumpetenim
722 3696 790 3768 est,
820 3696 857 3748 ut
873 3687 906 3765 ⁸)
934 3687 1099 3748 domestici
1120 3685 1195 3748 fidei

70 3767 210 3847 copiosius
236 3769 437 3830 sublimentur
464 3779 496 3830 et
524 3769 694 3834 adversarii
723 3771 791 3852 ejus
819 3772 924 3832 durius
943 3772 1196 3854 condemnentur,

71 3861 208 3933 quatenus
237 3861 270 3914 et
298 3855 340 3914 illi
367 3855 470 3937 magis
484 3853 519 3931 ⁹)
548 3855 671 3918 domino
692 3855 886 3939 suffragante
906 3857 1069 3936 proficiant
1090 3867 1123 3917 et
1143 3859 1212 3932 istix

72 3939 123 3999 deo
146 3937 297 3999 obnitente
313 3937 368 4017 1θ’)
397 3939 553 4001 deficiant.
599 3943 642 4002 Et
676 3942 746 4003 ideo
781 3943 854 4022 quia
887 3941 977 4022 plebs
1004 3943 1198 4005 Judaeoium

72 4024 240 4102 nequissima
260 4025 418 4106 sacrilegii
433 4033 508 4086 nota
522 4043 666 4106 respersa
683 4036 716 4088 et
732 4027 885 4088 effusione
900 4029 1063 4110 sanguinis
1079 4028 1197 4091 Christi

73 4117 183 4168 cruenta
206 4126 244 4170 ac
269 4111 428 4172 multoties
451 4107 693 4191 jusjurandi11)
721 4113 934 4193 profanatione
961 4115 1101 4176 noscitur
1126 4121 1196 4175 ma'·

74 4193 174 4274 culoso,
190 4202 223 4254 ut
245 4195 375 4277 copiosa
395 4205 469 4258 sunt
491 4215 596 4258 eorum
616 4199 748 4280 scelera,
771 4199 819 4260 sic
838 4217 973 4260 necesse
996 4209 1047 4262 est
1068 4208 1103 4261 ut
1118 4219 1197 4284 gra-

73 4355 246 4373 Μ

106 4438 203 4505 1)ρι“απι
219 4439 293 4492 deest
310 4456 352 4508 ap.
370 4441 407 4492 M.
442 4471 478 4482 -
521 4441 550 4510 ²)
570 4449 594 4492 ot
611 4441 648 4491 M.
683 4468 719 4478 -
764 4437 792 4504 θ)
811 4455 896 4491 comam
913 4441 988 4493 deest
1005 4458 1047 4510 ap.
1065 4443 1102 4494 M.
1133 4473 1172 4488 .-

104 4507 129 4576 4)
144 4507 237 4567 ambitio
256 4509 291 4560 M.
325 4538 361 4550 -
397 4509 426 4575 ὅ)
444 4511 469 4560 ei
485 4511 522 4564 M.
557 4541 592 4551 -
629 4509 658 4577 ὅ)
679 4508 750 4572 Quod
768 4509 805 4560 M.
835 4537 871 4550 -
906 4510 935 4576 ἵ)
954 4513 1100 4568 ‹tonatioota
1115 4513 1196 4577 Τ.2.,

134 4582 156 4629 et
170 4579 202 4630 M.
228 4605 263 4618 -
299 4578 328 4646 ⁸)
345 4585 374 4632 ot
392 4585 417 4629 ot
433 4579 471 4634 M.
499 4610 535 4622 --
570 4581 599 4651 ο)
618 4579 800 4648 arapennem.
829 4608 864 4622 -·
897 4581 946 4650 ¹⁰)
964 4581 1090 4638 obtinento
1108 4583 1143 4636 M.
1163 4613 1197 4624 -
1259 4603 1261 4614 ·

89 4645 131 4715 ιι)
141 4647 302 4717 jrrrirjoraodi
319 4648 357 4702 M.
392 4677 427 4688 ··-

1373 335 1385 370 Ι
