2916 5050
184 263 248 332 ΙΝ
444 259 665 330 contltJm
685 257 1075 338 unutnuolnmstlt

167 417 355 518 ‚episeopus
379 437 625 500 communionem
653 443 768 500 tonans
789 433 974 500 catholicam
994 431 1172 516 hujusmodi
1191 431 1335 502 homines
1454 467 1455 476 ι

184 520 277 584 vanis
295 519 512 584 blund'nnentis
532 521 717 586 incedentes
735 529 854 584 temera
880 522 1056 602 susceperit
1073 520 1126 603 ¹),
1149 523 1238 584 'sciat
1262 539 1335 586 cum

185 605 237 671 his
257 623 295 686 se
315 607 491 668 rectissime
511 607 714 689 depravatum
733 607 787 668 vel
807 605 983 670 damnatum
997 605 1041 686 1).
1084 603 1248 670 Genedius
1265 609 1337 690 epi-

185 707 304 771 scopus
331 689 424 752 dixit:
457 694 543 775 Ergo
572 701 658 756 recte
683 700 864 776 suggerunt·
885 693 997 754 fratres
1017 699 1052 752 et
1071 694 1270 774 coepiscopi,
1299 701 1337 755 ut

186 777 240 858 qui
256 775 365 838 merito
385 777 554 842 facinorum
569 797 694 841 suorum
708 781 746 840 ab
761 778 898 840 ecclesia
918 777 1000 857 pulsi
1020 783 1104 856 sunt,
1121 779 1150 838 si
1171 779 1211 840 ab
1231 779 1337 859 aliquo

147 879 149 886 ·
187 861 338 942 episcopo
365 869 420 923 aut
445 864 628 946 presbytero
649 865 703 926 vel
724 863 836 926 clerico
859 863 970 924 firerint
990 863 1022 923 in
1043 865 1288 924 communionem
1300 862 1337 942 8)

186 947 338 1027 suscepti,
352 947 545 1030 refugientes
555 948 589 1029 ι)
605 950 655 1011 sui
671 949 811 1030 episcopi
826 948 968 1031 regulare
980 945 1140 1030 judicium,
1156 951 1249 1010 etiam
1265 949 1337 1030 ipse

187 1033 346 1116 puricum
368 1033 416 1096 ais
437 1033 563 1100 crimine
585 1043 728 1098 teneatur
748 1034 908 1104 obnoxius.
952 1034 1003 1096 Ab
1029 1033 1187 1096 universis
1206 1035 1337 1117 eprsooh

188 1117 239 1200 pis
259 1115 376 1182 dictum
397 1126 468 1181 est:
497 1117 648 1184 Omnibus
668 1120 782 1202 placet.

276 1303 411 1388 Alypius
431 1291 600 1387 episcopus
619 1219 1025 1388 eoelesffuagastenstq
1053 1301 1179 1386 legatus
1208 1303 1339 1386 provin-

190 1391 260 1461 ciae
285 1389 451 1452 Numidiae
468 1390 518 1472 ὅ),
546 1390 647 1456 dixit:
668 1391 748 1468 ,Nea
774 1389 849 1452 illud
873 1387 1177 1472 praetermittendum
1206 1397 1257 1452 est
1264 1435 1275 1472 ,
1301 1398 1340 1453 ut
1389 1379 1391 1388 ’
1454 1395 1455 1470 j

190 1478 220 1541 si
242 1475 311 1558 quis
337 1473 417 1538 forte
445 1475 610 1560 presbyter
636 1475 675 1539 ab
697 1477 846 1558 episcopo
868 1493 926 1538 suo
948 1481 1108 1554 correptus
1129 1479 1183 1536 eut
1204 1491 1339 1536 exeom-

189 1562 375 1644 municatus,
396 1569 515 1624 tumore
534 1562 586 1629 v'el
603 1563 747 1642 superbia
768 1559 893 1622 inflatus
913 1560 1069 1642 putaverit
1088 1560 1255 1639 separatim
1276 1559 1339 1622 deo

181 1645 345 1712 ‘sacrilloia
379 1645 618 1709 offerendavel
645 1647 727 1710 aliud
755 1645 935 1730 erigendum
963 1646 1072 1707 altare·
1092 1651 1201 1708 contra
1230 1645 1340 1708 eccle-

191 1733 354 1796 siasticam
374 1729 468 1794 fidem
489 1731 744 1815 disciplinamque
764 1730 929 1795 crediderit
940 1729 973 1810 ο)
979 1777 990 1814 ,
1022 1749 1085 1792 non
1113 1728 1208 1791 exeat
1236 1731 1340 1812 impu·
1454 1737 1455 1768 ³

191 1817 286 1882 nitus.
327 1817 514 1881 Valentinus
543 1819 660 1898 primae
688 1815 775 1880 sedis
801 1817 981 1900 provinciae
1006 1814 1173 1878 Numidiae
1185 1813 1219 1894 r)
1246 1816 1340 1880 dixit:
1454 1859 1455 1888 r

192 1899 429 1982 Necessarioss)
459 1901 641 1984 disciplinae
670 1903 907 1966 ecclesiasticae
934 1909 967 1964 et
993 1899 1078 1963 fidei*
1093 1919 1231 1985 congrum
1254 1907 1340 1982 sunt,
1454 1923 1455 1942 ι

194 2005 276 2071 quae
304 1987 399 2050 frater
419 1995 527 2050 noster
546 1987 681 2072 Alypius
696 1987 731 2068 ο)
759 1996 946 2070 prosecutus
974 1994 1033 2048 est.
1086 1985 1235 2067 Proinde,
1265 1985 1340 2067 quid
1385 2005 1391 2008 ·
1454 2015 1455 2028 ι

122 2107 126 2114 ·
194 2071 309 2136 exinde
334 2071 459 2136 videtur
482 2081 611 2136 vestrae
640 2073 814 2156 dilectioni,
841 2073 965 2136 edicite.
1014 2069 1052 2134 Si
1079 2071 1149 2151 quis
1176 2071 1342 2154 presbyter

193 2164 304 2230 contre
335 2159 517 2240 episcopum
548 2177 640 2222 suum
675 2158 801 2221 inflatus
836 2159 975 2222 sohism'a
1006 2157 1138 2238 fecerit,
1175 2157 1341 2239 anathema

194 2243 237 2307 sit
250 2240 313 2321 ¹⁰).
354 2243 405 2305 Ab
426 2245 581 2308 universis
603 2245 761 2326 episcopis
782 2243 899 2307 dictum
921 2250 990 2305 est:
1024 2241 1061 2304 Si
1088 2242 1158 2324 quis
1177 2243 1340 2324 presbyter

192 2347 216 2394 a
234 2329 413 2409 praeposito
440 2345 499 2392 suo
526 2331 813 2393 excommunicatus
839 2331 893 2392 vel
921 2335 1083 2408 correptus
1108 2327 1217 2409 fuerit,
1246 2327 1341 2392 debet

180 2415 303 2495 ‘utique
324 2412 407 2494 apud
425 2413 614 2496 vieirros11)
641 2416 810 2498 episcopos
838 2414 1004 2496 conqueri,
1034 2419 1070 2474 ut
1096 2411 1136 2474 ab
1165 2413 1243 2492 ipsis
1272 2411 1342 2493 ejus

195 2516 294 2564 causa
319 2499 422 2579 possit
449 2499 545 2562 audiri
558 2525 581 2582 ,²
602 2517 641 2564 ac
668 2519 725 2582 per
750 2502 837 2582 ipsos
865 2517 925 2563 suo
952 2499 1101 2580 episcopo
1129 2497 1341 2560 reconciliari:

194 2582 361 2666 quodnisi
382 2583 509 2665 feeerit,
537 2585 596 2650 sed
617 2585 763 2668 superbia
784 2585 884 2668 (quod
906 2583 1004 2663 absit)
1025 2583 1150 2644 inflatus
1170 2599 1342 2644 secernen-

194 2669 268 2732 dum
290 2687 328 2732 se
349 2669 388 2733 ab
412 2672 552 2752 episcopi
572 2673 622 2734 sui
642 2671 856 2734 ohmmmrione
876 2670 1008 2750 duxerit,
1029 2686 1068 2730 ao
1085 2668 1253 2754 separatim
1270 2686 1342 2730 cum
1387 2725 1390 2734 ,

146 2747 155 2761 ’
194 2754 348 2836 aliquibus
375 2757 514 2819 schisma
541 2757 660 2820 faciens
686 2755 872 2818 sacrificium
899 2753 960 2817 deo
987 2753 1147 2835 obtuderit,
1168 2751 1343 2816 'anathema

195 2839 347 2904 habeatur
374 2849 407 2902 et
433 2841 535 2904 locum
560 2840 771 2924 amittat¹²);
799 2841 997 2904 nihilominus
1024 2846 1058 2900 et
1085 2837 1279 2900 decivitate
1308 2846 1343 2900 et

197 2925 443 3009 congregatione
456 2924 510 3002 13)
530 2927 562 2986 in
583 2944 645 3008 qua
665 2926 756 2988 fuerit
775 2926 900 3008 longius
921 2924 1095 3006 repelletur,
1117 2923 1227 2984 nevel
1247 2923 1343 3006 igno-

196 3020 303 3076 rantes
328 3010 381 3072 vel
411 3010 590 3090 simpliciter
616 3010 833 3089 viventes14)
864 3011 1043 3092 serpentina
1068 3007 1176 3072 fraude
1198 3007 1349 3092 decipiat,

196 3095 342 3179 quoniam
357 3093 411 3172 16)
432 3094 604 3158 secundum
625 3095 816 3176 apostolum:
839 3095 988 3158 Ecclesia
1006 3093 1070 3156 un‘a
1091 3101 1150 3174 est,
1171 3111 1234 3156 una
1254 3094 1345 3178 tides,

196 3199 291 3254 unruu
311 3177 547 3265 baptisma¹⁰);
569 3177 651 3244 etsi
672 3180 890 3262 querimoniam
907 3179 1028 3262 justam
1046 3177 1198 3242 adversus
1217 3181 1345 3261 episco-

197 3284 271 3348 pum
291 3263 449 3348 habuerit,
474 3265 686 3350 inquirendum
707 3264 839 3345 erit¹⁷).

284 3448 449 3514 Numidius
469 3451 639 3532 episeopus
660 3451 889 3534 Massylitanus
910 3449 1004 3514 dixit:
1034 3451 1070 3514 ln
1090 3448 1276 3533 quibusdam
1296 3451 1347 3514 lo-
1376 3459 1378 3464 ’

199 3539 247 3602 eis
267 3543 341 3600 sunt
361 3535 552 3620 presbyteri,
573 3537 626 3618 qui
647 3545 702 3598 aut
721 3537 902 3621 ignorantes
922 3536 1103 3618 simpliciter
1122 3545 1178 3600 aut
1197 3537 1347 3600 dissimu-

146 3671 153 3680 ,
198 3623 301 3687 lantes
316 3621 473 3704 audacter,
489 3629 657 3702 praesente
670 3629 705 3688 et
717 3621 891 3687 inconsulto
907 3622 1057 3705 episeopo
1071 3623 1279 3703 complurimis
1292 3620 1348 3702 ¹⁸)

198 3781 396 3802 Μ

235 3879 265 3947 Ι)
282 3875 418 3944 incederit,
434 3879 501 3929 aciat
519 3877 549 3930 G.
568 3878 644 3948 Hisp.
679 3905 714 3920 -
755 3877 785 3948 ²)
802 3879 869 3937 seint
887 3891 943 3930 cum
959 3877 1050 3930 tudem
1066 3841 1214 3946 coenon
1230 3889 1285 3928 esee
1302 3875 1348 3927 de-
1454 3883 1455 3894 ³

266 3949 404 4030 prqootool
426 3945 554 4000 trendens
570 3951 598 4000 lo
615 3956 711 4001 sortem
727 3963 815 4031 eoram
833 3949 865 4002 Ο.
882 3947 1010 4030 Ηίιρ..οι
1027 3947 1156 4059 blandulum
1181 3961 1237 3998 eom
1258 3943 1303 4030 bie
1320 3961 1350 3998 aa

268 4018 625 4156 {ttf‘tat'tt‘tlht'
641 4019 770 4155 ‘'lm'il
785 4019 989 4156 libidini:
1001 4017 1351 4157 ,natttltt‘tf

267 4157 352 4210 Haud.
386 4185 422 4199 ι-
465 4157 494 4224 ⁵)
511 4159 591 4209 Folia
606 4160 739 4224 episcopos
755 4159 963 4210 Selemaelituooa
980 4156 1011 4210 C.
1026 4157 1103 4228 Hisp.
1121 4156 1160 4224 (et
1177 4155 1351 4210 eodvattea-
1443 4146 1449 4207 f

213 4241 217 4258 ·
267 4241 318 4278 nus
335 4231 402 4280 testa
419 4227 494 4278 Luca
510 4227 658 4280 Holatenio.
674 4223 782 4294 blansi).
810 4258 846 4270 -
886 4227 916 4294 θ)
934 4228 1071 4281 mediolanio
1087 4228 1209 4294 repandum
1227 4225 1350 4295 clHirp.

237 4296 266 4363 1)
287 4299 423 4348 Gennadius
438 4298 570 4363 episcopus
588 4295 620 4348 C.
637 4297 715 4368 Hisp.
732 4301 761 4349 et
778 4297 844 4352 (lod.
863 4297 920 4349 Vat.
949 4327 983 4339 -
1024 4297 1052 4365 ⁸)
1070 4299 1215 4350 necessario
1231 4293 1350 4365 G.Hisp.

61 4355 65 4362 ’
238 4367 267 4434 ⁹)
283 4367 362 4418 Folio:
386 4367 420 4418 Ca
435 4365 512 4434 Hisp.
529 4370 558 4417 et
575 4365 607 4418 Ca
625 4366 683 4420 Vat.
729 4364 764 4406 -ὲ-
825 4366 874 4435 ¹⁰)
899 4368 931 4419 Si
955 4368 1012 4435 quoia
1032 4393 1066 4406 ·-
1088 4367 1175 4420 oootb.
1199 4368 1237 4419 att
1258 4381 1308 4420 orn.
1335 4382 1351 4418 a

269 4434 302 4488 0.
319 4435 396 4504 Hisp.
414 4438 442 4487 et
459 4451 507 4488 ms.
526 4435 609 4489 Hard.
634 4461 670 4478 -
708 4435 758 4504 Η)
776 4434 848 4487 binos
865 4436 909 4488 AE.
936 4462 971 4477 -ὑ
990 4461 992 4470 ⁴
1010 4435 1060 4504 ¹²)
1078 4437 1132 4490 loco
1150 4437 1245 4488 omleao
1262 4435 1350 4487 oootb.

268 4505 393 4557 debentur
411 4503 442 4557 G.
460 4504 536 4573 Hisp.
553 4531 588 4546 -··
616 4507 665 4576 ²⁸)
683 4512 708 4558 ol
725 4521 838 4572 cortyrep.
857 4523 908 4559 orn.
927 4523 943 4559 a
960 4506 992 4558 (l.
1009 4504 1086 4574 Hiep.
1103 4512 1131 4560 et
1148 4523 1197 4559 ma.
1214 4505 1296 4560 Hard.
1315 4535 1352 4547 -

197 4586 200 4590 '
234 4577 284 4642 ¹⁴)
301 4577 429 4643 sinupliros
445 4582 542 4628 mattos
558 4577 586 4628 in
603 4591 685 4643 marg.
702 4575 797 4630 blansi.
833 4601 868 4615 —·
905 4576 1289 4644 rquaootomam.oc.t1.
1315 4603 1352 4616 ·—

235 4654 244 4696 ι
256 4649 287 4717 ο)Ι
296 4644 390 4718 llphes.
398 4647 424 4712 4,
437 4643 461 4698 5.
481 4673 516 4686 ·-
538 4647 586 4715 Η)
606 4651 642 4718 ort
654 4649 682 4700 in
695 4661 775 4714 marg.
789 4647 883 4700 blansi.
897 4673 931 4687 -
956 4647 1006 4711 ι1)
1020 4651 1096 4711 qrtom
1104 4646 1223 4714 piraterio
1235 4646 1266 4714 0.
1274 4643 1351 4715 Hisp.
1454 4639 1455 4694 ζ
