2916 5050
373 293 593 360 concinnunt
613 291 950 361 ctufflnutnnnsit
963 294 1020 362 111.
1210 292 1272 360 13³

119 475 216 552 patus
242 465 413 548 suscipere.
466 468 613 532 Aurelius
642 463 812 550 episcopus
840 466 941 536 dixit:
980 465 1053 530 Non
1080 463 1185 543 dubito
1212 483 1273 528 ιιι-ι’

119 554 207 635 nitati
224 559 352 615 vestrae
373 551 507 624 oninium
527 555 671 634 placere,
701 571 773 618 eum
794 555 846 636 qui
863 551 896 632 ²)
917 553 948 612 in
968 549 1125 634 dioecesi,
1152 567 1271 633 conce-

42 652 46 664 ‘
122 639 218 702 dente
244 638 395 718 episeopo
422 639 474 719 qui
501 641 661 702 matricem
687 641 787 701 tenuit
801 643 825 720 ,'
848 638 948 700 solam
978 635 1109 698 candem
1135 637 1269 698 retinere

121 723 296 806 plebem-iu
318 741 381 806 qua
400 719 504 802 iuit2)
532 723 699 790 ordinatus.

283 857 285 864 -
631 807 761 872 XLVII.
1160 858 1164 880 ,

207 893 287 954 Item
307 891 441 972 placuit,
470 901 505 953 ut
525 900 649 973 praeter
670 895 839 974 scripturas
864 889 1033 952 canonicas
1059 888 1132 950 nibil
1159 889 1190 950 ln
1210 901 1268 951 eo-

123 977 223 1044 clesia
241 979 365 1059 legatur
384 979 442 1038 sub
464 979 587 1039 nomine
608 979 779 1040 divinarum
799 975 1023 1056 scripturarum.
1062 973 1145 1036 Sunt
1163 981 1269 1034 autem
1375 1035 1378 1040 ,

123 1063 296 1126 canonicae
322 1057 658 1142 scripturac'Genesis
673 1063 723 1146 ³),
751 1060 898 1141 Elxodus,
924 1060 1102 1140 Leviticus,
1129 1058 1268 1138 Numeri,
1333 1089 1338 1095 ν

124 1147 422 1227 Deuteronomium,
455 1147 555 1210 Jesus
583 1149 698 1229 Nave,
735 1146 906 1225 Judicum,
941 1143 1049 1224 Ruth,
1086 1143 1268 1225 Regnorum
1347 1138 1349 1144 '

125 1235 193 1295 libri
215 1241 363 1314 quatuor,
387 1233 643 1312 Paralipomenon
663 1232 829 1313 libridno,
857 1231 934 1310 Job,
961 1230 1147 1291 Psalterium
1167 1227 1269 1288 Davi·-

127 1319 230 1382 dicum
247 1318 312 1399 ⁴),s
335 1317 512 1378 Salomonis
538 1318 605 1380 libri
631 1319 783 1400 quinque,
809 1317 877 1378 libri
897 1314 1067 1376 [duodecim
1093 1309 1268 1394 Propheta-

124 1423 192 1470 rum
206 1401 256 1484 ³),
283 1401 430 1484 Jesaios,
456 1403 628 1484 Jeremias,
652 1401 822 1482 Ezechiel,
848 1400 975 1480 Da'niel,
997 1399 1129 1478 lobias,
1149 1393 1269 1478 Judith,

125 1488 258 1568 Esther,
284 1487 406 1550 Esdrae
432 1488 499 1548 libri
521 1487 597 1567 dno,
624 1489 885 1550 Macbabeeorum
904 1485 971 1546 libri
992 1484 1062 1548 duo.
1104 1483 1189 1545 Novi
1210 1479 1269 1543 au-

126 1584 192 1636 tem
213 1571 407 1633 Testamenti
426 1573 669 1654 Euangeliorum
688 1574 755 1634 libri
776 1579 920 1652 quatuor,
944 1570 1081 1631 Aetnam
1106 1565 1270 1646 apostolo·
1362 1611 1363 1616 η

127 1677 195 1719 ιιιιιι
213 1658 290 1718 liber
308 1675 406 1737 unus,
432 1658 522 1740 Pauli
549 1657 682 1736 apostoli
706 1657 857 1738 epistolae
877 1654 1041 1734 tredecim,
1068 1651 1208 1732 ejusdem
1227 1649 1268 1714 ad

127 1743 292 1804 Hebraeos
319 1759 396 1820 una,
420 1743 505 1804 Petri
532 1742 665 1822 apostoli
692 1741 788 1824 duae,
816 1741 949 1803 ‚Ioannis
965 1744 1027 1818 ap.
1053 1747 1135 1817 treS,
1164 1735 1269 1800 Judae

35 1855 43 1868 1
128 1847 178 1908 ap.
207 1845 270 1887 una
297 1833 330 1886 et
350 1827 464 1887 Jacobi
482 1846 560 1910 una,
588 1827 799 1910 Apocalypsis
819 1825 951 1886 Joannis
965 1825 1046 1886 'liber
1066 1840 1155 1883 unns
1187 1817 1278 1882 ¹Hoc

128 1913 225 1976 etiam
254 1911 339 1972 fratri·
368 1920 401 1972 et
426 1911 643 1974 consacerdoti
670 1921 775 1974 nostro
803 1911 963 1973 Bonilaclo
989 1908 1041 1970 vel
1070 1909 1139 1968 aliis
1164 1924 1270 1966 earum

125 1998 259 2078 partium
280 1993 437 2076 episcopis
457 2015 512 2076 pro
532 1996 738 2058 confirmando
760 1998 820 2058 isto
841 2012 960 2056 canone
980 1995 1172 2072 innotescat,
1198 1993 1271 2070 quia

129 2101 149 2144 a
160 2083 300 2162 patribus
311 2082 379 2142 ista·
385 2083 566 2161 accepimus
578 2082 613 2142 in
623 2083 759 2144 ecclesia
770 2078 952 2164 legendal).
978 2079 1089 2140 Liceat
1101 2077 1195 2138 etiam
1207 2077 1272 2156 legi

128 2168 292 2250 passiones
312 2169 491 2250 martyrum,
513 2185 584 2230 cum
603 2168 804 2240 anniversarii
820 2165 888 2229 dies
905 2169 1010 2226 eorum
1025 2159 1270 2239 celebranturl).

213 2333 264 2396 De
282 2333 458 2396 Donatistis
479 2335 613 2417 placuit,
640 2345 675 2397 ut
696 2335 894 2398 consulamus
917 2333 1028 2396 fratres
1050 2341 1083 2394 et
1102 2349 1271 2407 consacer—
1376 2330 1396 2356 ”¹

76 2447 78 2451 ,
131 2419 223 2482 dotes
243 2427 367 2480 nostros
387 2420 530 2481 Siricium
551 2429 584 2481 et
604 2420 897 2502 Simplicianumde
917 2419 994 2481 solis
1012 2417 1195 2498 infantibus,
1219 2416 1271 2496 qui

129 2505 327 2584 baptizantur
345 2523 449 2583 penes
466 2504 592 2566 eosdem
613 2507 763 2588 nequod,
784 2527 845 2566 non
866 2503 923 2565 siro
945 2505 1085 2566 fecerunt
1099 2499 1271 2582 judicio⁸),
1300 2551 1308 2580 ,

130 2609 204 2654 cum
226 2589 266 2649 ad
287 2590 453 2650 ecclesiam
474 2590 524 2650 dei
544 2591 658 2654 salubri
677 2583 839 2671 proposito.
852 2591 964 2652 fuerint
983 2587 1136 2666 conversi,
1157 2605 1273 2663 paren·
1315 2587 1317 2592 ’

34 2705 58 2758 j
130 2685 197 2738 tum
225 2675 301 2734 illos·
327 2693 409 2734 error
434 2675 582 2757 impediat
608 2677 881 2762 neprovehautur
897 2673 930 2752 Β)
967 2673 1049 2734 sacri
1078 2671 1184 2734 altaris
1211 2670 1273 2730 mi-

129 2758 297 2837 nistri10).
325 2791 370 2802 —-
405 2756 524 2835 Quibus
551 2762 675 2823 insertis
699 2756 878 2821 Honoratus
908 2766 941 2820 et
965 2759 1108 2820 Urbanus
1134 2752 1274 2834 episcopi
1339 2833 1341 2840 y

131 2846 230 2928 legati
250 2843 429 2923 provinciae
450 2845 657 2907 Mauritaniae
676 2845 865 2925 Sitiphensis
885 2843 1042 2904 dixerunt:
1065 2842 1138 2902 Jam
1160 2838 1274 2900 dudum

133 2949 204 2994 cum
232 2929 314 3008 apud
340 2931 539 3004 sanctitatem
564 2936 702 2993 vestram
723 2931 929 3012 allegaremus
948 2930 1081 3008 scripta,
1111 2925 1197 2986 dilati
1216 2941 1274 2986 su·
1373 2919 1376 2928 ¹

133 3032 204 3078 mus
225 3031 265 3074 ea
285 3016 544 3094 contemplatione
565 3016 650 3096 quod
669 3017 779 3093 fratres
799 3017 897 3078 nostri
916 3014 1063 3076 advenire
1082 3017 1215 3090 possent
1234 3007 1275 3070 de

134 3097 281 3165 Numidia
307 3097 423 3182 legati,
460 3101 522 3162 sed
546 3101 619 3180 quia
645 3121 708 3162 non
736 3101 836 3180 pauci·
857 3099 926 3160 dies
954 3107 1048 3178 sunt,¹
1076 3096 1188 3177 quibus
1214 3111 1276 3154 ex-

136 3183 272 3263 spectati
290 3185 413 3244 minima
426 3193 595 3266 ¹venerunt,
615 3187 696 3248 ultra
714 3185 959 3266 praetermittere
977 3201 1058 3263 qnae
1077 3181 1167 3242 nobis
1185 3197 1276 3240 man·-
1304 3243 1308 3250 ⁸

30 3317 37 3328 .
135 3268 210 3332 data
231 3276 304 3332 sunt
325 3287 345 3328 a
368 3271 484 3330 nostris
511 3272 708 3351 coepiscopis
722 3273 790 3330 non
811 3277 950 3349 oportet:
980 3276 1074 3346 atquc
1095 3264 1184 3344 ideo,
1211 3263 1276 3342 fra-

136 3362 218 3434 tres,
246 3355 486 3435 suggestionem
511 3363 649 3419 nostram
673 3356 804 3416 libenter
830 3353 990 3416 admittite.
1031 3351 1083 3434 De·
1106 3348 1170 3408 fide
1195 3347 1278 3410 enim

136 3439 270 3506 Nicaeni
290 3447 443 3502 tractatus
464 3440 649 3522 audivimus,
674 3457 783 3502 venum
805 3448 838 3500 ct
859 3438 899 3500 de
919 3436 1080 3502 sacnsrcns
1105 3432 1279 3494 urbibendis
1380 3500 1382 3506 ,
1447 3495 1452 3502 ,

122 3531 212 3603 post
231 3523 401 3604 prandium,
421 3533 457 3584 ut
478 3544 497 3586 a
513 3522 631 3604 jejunis
650 3527 733 3588 sicut
754 3524 881 3608 dignum
895 3522 949 3603 ι1)
971 3529 1022 3588 est
1042 3519 1225 3600 offerantur,
1246 3525 1279 3580 et

139 3617 214 3670 tunc
236 3614 270 3667 et
288 3626 371 3670 nunc
391 3609 602 3674 confirmatum
623 3619 674 3676 est
686 3608 750 3692 ¹²).

176 3805 339 3946 ¹'equiriii'
356 3809 421 3918 a-c'
437 3807 915 3950 iipisibnidiiiii'tilefliilb
934 3832 993 3913 “—
1021 3801 1285 3940 inaudientiam

208 3947 334 3998 micorum
348 3949 410 4000 item
428 3959 474 4003 etc.
500 3940 583 4003 Hard.
629 3978 665 3990 -
717 3949 746 4017 ⁶)
770 3947 877 3999 Dictum
894 3943 958 3996 illud
973 3943 1019 3994 boc
1036 3945 1114 3993 eliam
1131 3969 1165 3981 -
1181 3941 1286 4008 leporario

141 4017 144 4024 ‘
211 4016 285 4068 deest
310 4017 339 4068 in
359 4019 445 4071 Codd.
462 4021 553 4090 Hisp,
574 4019 603 4070 in
626 4019 720 4087 quibus
743 4017 793 4069 boc
810 4020 867 4068 loco
884 4014 997 4078 legitur:
1027 4014 1106 4064 Fiant
1129 4013 1208 4076 ipitor
1226 4011 1287 4062 iibri

211 4087 301 4152 ulpiani
317 4095 341 4138 ct
359 4095 468 4155 septem,
490 4093 530 4142 ita
546 4095 575 4140 at
593 4089 623 4138 de
640 4088 808 4150 eortfimnnndo
825 4088 875 4136 iate
893 4099 987 4135 corrone
1003 4083 1191 4132 rememoratae
1208 4081 1288 4130 ecclc·

212 4157 268 4206 siae
288 4160 459 4210 consulantur.
485 4185 520 4200 -·
547 4158 623 4222 Licet
643 4157 713 4210 istud
736 4174 793 4224 cap.
809 4155 845 4207 47
862 4155 890 4206 in
908 4151 1040 4222 praesenti
1059 4149 1289 4218 exemplarium-

213 4241 290 4292 quam
309 4227 416 4296 aliquod
432 4228 511 4296 hujus
528 4227 639 4282 concilii
656 4227 799 4294 capitulum
816 4225 960 4287 habeatur,
984 4224 1012 4274 in
1031 4221 1089 4272 aliis
1108 4225 1195 4272 tamen
1211 4219 1290 4271 certis

212 4295 379 4348 conciliorum
390 4298 465 4350 libris
477 4299 573 4351 dicitur
584 4296 763 4350 easaConcilii
773 4293 862 4347 Cartb.
872 4310 930 4360 cap.
938 4291 973 4344 24
985 4291 1065 4358 (Cod.
1076 4292 1139 4344 ecel,
1147 4289 1203 4342 Adr.
1213 4288 1289 4356 obl)

215 4365 343 4418 celebrati
365 4372 425 4434 post
447 4372 611 4420 consulatum
627 4366 739 4432 Honorii
757 4364 941 4417 duodecimum
958 4368 986 4413 et
997 4359 1147 4428 *Theodosii
1163 4363 1291 4421 actarum,
1350 4401 1354 4412 .

167 4435 171 4440 ’
214 4449 326 4501 quorum
338 4452 422 4488 annus
438 4439 522 4490 currit
531 4439 580 4490 sub
590 4434 728 4488 Bonisacio
740 4451 815 4504 papa.
833 4433 937 4486 ‚Menai
960 4460 995 4472 -—
1031 4429 1059 4496 ὅ)
1070 4428 1225 4482 ereinnald
1240 4430 1258 4479 l.
1269 4444 1292 4478 c.

213 4521 241 4572 p.
252 4504 304 4557 273
317 4512 373 4557 not.
382 4505 409 4562 4.
428 4533 464 4546 »-
499 4507 528 4574 ⁸)
546 4509 659 4573 fecarunt
678 4505 706 4555 ia
718 4505 815 4572 jralica'o
829 4502 860 4554 Ο.
872 4503 948 4570 Hisp.
966 4504 1073 4568 praeter
1083 4499 1116 4553 U.
1128 4527 1179 4554 -·.
1198 4499 1228 4564 θ)
1245 4511 1293 4563 qao

160 4597 162 4602 ·
215 4573 299 4624 matos
314 4574 511 4640 probrumoctur
525 4574 554 4628 in
566 4589 650 4638 marg.
659 4574 756 4626 Marsi.
768 4601 803 4612 --
814 4587 847 4622 ae
860 4586 972 4638 mernor.
985 4571 1017 4623 0.
1027 4569 1104 4638 Hisp.
1121 4594 1156 4606 -··
1180 4565 1229 4631 ¹⁰)
1246 4566 1297 4616 roi-

217 4643 367 4698 miremort.
380 4671 415 4685 ·-
437 4643 487 4714 Η)
501 4643 594 4698 ddum
611 4643 643 4698 C.
654 4641 732 4712 Hiap.
747 4670 783 4686 ι·-
802 4642 851 4709 1².)
865 4640 985 4694 Giesalcr
1001 4643 1019 4694 l.
1038 4655 1059 4706 a
1077 4637 1127 4690 rol.
1136 4637 1157 4686 Ι.
1169 4651 1196 4701 p.
1206 4634 1256 4688 ool
1265 4649 1297 4685 nr.
