2880 5050
342 198 584 309 concursu
607 225 882 302 remansere
901 229 986 295 aur.
1178 226 1242 311 aar

63 383 225 470 ‚libertus
240 379 418 472 sarrfetiani
438 417 551 464 servus
570 398 624 462 vel
647 397 747 464 omnis
767 417 873 462 eorum
893 396 1037 464 adfutura
1065 388 1241 485 progenies,

8 513 11 550 r
78 487 141 566 qui
167 493 242 566 post
268 481 361 564 hujus
386 485 560 550 ,narrationis
587 491 716 549 nostrae
741 475 932 546 sententiam
961 481 1001 546 ad
1022 482 1124 544 ollrci'a
1146 503 1241 568 prae·

77 572 186 637 missa
209 567 362 649 accedat,
392 570 455 632 illic
476 563 616 650 quolibet
636 578 775 652 tempore
798 579 853 630 aut
874 569 1047 632 serviturus
1068 577 1122 629 out
1143 562 1240 630 obse-'-

8 707 9 720 ,
79 655 234 737 eruendus
251 655 353 725 modis
372 655 512 726 omnibus
535 653 749 734 contradatur,
771 675 813 716 ex
834 673 898 735 qim,
918 662 980 720 aut.
994 654 1156 736 servitutis
1176 653 1239 731 ori7
1285 687 1289 693 ·

76 743 192 824 gipem
213 740 304 804 duxit
320 747 379 802 aut
399 740 552 802 libertatis
574 738 673 885 ticeps
694 740 798 812 subire
818 736 993 822 promerdit.
1028 823 1031 831 γ

78 875 81 883 ’
174 907 239 972 Vae
266 885 316 972 bie
349 911 405 992 qne·
426 910 561 990 sociant
587 825 810 990 opuassdomini
832 909 1058 988 fraudulenter
1088 915 1121 972 et
1153 905 1236 970 cleat—¹
1314 933 1320 945 ·

77 996 175 1059 dicae
188 995 240 1073 ¹),
266 995 468 1074 propheticus
490 1011 590 1055 sermo
613 995 797 1076 annuntiat;
824 996 904 1056 etsi
925 995 968 1054 illi
988 1005 1050 1056 va'e
1070 995 1236 1076 incurrunt,

78 1081 138 1160 qni
158 1080 358 1162 negligenter
374 1097 459 1160 opus
481 1078 594 1140 domini
615 1077 742 1158 facidnt,
759 1077 842 1222 puod
863 1079 1049 1158 supplicium
1061 1079 1236 1150 ¹merebun-

27 1167 38 1194 ‘
79 1173 135 1228 tur
161 1165 215 1244 qui
246 1163 370 1228 divinae
392 1163 557 1226 servitutis
577 1164 693 1227 cultum
715 1183 766 1231 nra
777 1163 830 1226 itia
851 1163 1067 1228 intercedente
1090 1163 1128 1226 ab
1152 1156 1235 1224 altass

77 1251 138 1312 riis
150 1249 184 1328 ²)
212 1248 330 1312 Christi
349 1242 555 1312 subducunt?
583 1249 653 1310 illos
674 1247 822 1328 dicimus,
849 1247 901 1330 qui
922 1247 1099 1318 obstinatae
1120 1243 1235 1312 mentis
1345 1275 1347 1290 ·

77 1334 251 1406 dolositate
274 1334 457 1413 conlusi³),
486 1353 558 1396 cum
579 1333 682 1413 aliqua
703 1333 759 1396 eos
781 1333 926 1397 molestia
946 1334 1148 1396 fraternorum
1165 1331 1235 1414 jur·
1287 1373 1296 1392 t

75 1421 204 1502 giorum
231 1421 416 1500 pupugerit,
442 1421 553 1481 insana
578 1418 660 1480 illico
689 1419 864 1480 temeritate
892 1419 1012 1500 abrepti
1039 1419 1146 1480 altaria
1171 1437 1237 1478 nu-

77 1505 197 1568 dantes
218 1507 353 1566 sacratis
372 1505 521 1566 vestibus
539 1512 674 1586 eruunt,
696 1501 854 1566 luminaria
873 1505 1066 1582 subtrahunt,
1089 1523 1128 1566 ac
1150 1501 1234 1564 diri-

76 1609 190 1668 norum
212 1589 435 1660 sacrificiorum
456 1589 573 1650 cultum
593 1589 712 1660 malitia
735 1587 949 1652 intercedente
975 1589 1168 1669 subducunt,
1199 1595 1233 1650 ct

78 1674 168 1757 quod
192 1675 225 1734 in
252 1675 426 1738 hominibus
453 1693 490 1736 se
518 1671 679 1736 vindicare
707 1694 770 1737 non
797 1682 951 1756 possunt,
989 1673 1127 1754 injuriam
1161 1672 1231 1754 deo,

13 1755 17 1762 '
79 1759 168 1841 quod
189 1757 280 1840 pejus
302 1769 371 1840 est,
392 1758 534 1822 inferunt.
572 1757 663 1822 Unde
684 1759 712 1820 si
730 1755 907 1843 hujusmodi
929 1777 983 1838 pro
1004 1761 1137 1820 fraterno
1161 1755 1231 1819 odio
1328 1807 1331 1812 .

77 1844 258 1908 homicidae
280 1855 369 1906 reatu
391 1843 601 1926 adstringitur,
622 1863 676 1924 pro
699 1854 879 1924 contemptu
893 1844 997 1906 divino
1016 1844 1088 1924 quid
1110 1863 1232 1924 poenae

77 1925 280 1994 merebitur?
308 1927 424 1992 etenim
440 1928 533 2008 juxta
555 1929 637 2008 quod
659 1929 783 1992 ‹livirms
803 1949 905 1992 sermo
929 1931 1092 2007 increpitat
1106 1927 1160 2010 4);
1192 1927 1231 1990 Sa·

69 2017 261 2098 peccaverit
282 2018 332 2076 cir
353 2018 388 2076 in
410 2017 521 2089 cirene,
537 2013 667 2096 placeri
679 2017 720 2076 ei
734 2021 843 2096 potest
867 2013 963 2090 dcue5
984 2017 1014 2075 ai
1033 2017 1102 2096 qais
1125 2019 1230 2096 cutem

69 2102 260 2184 peccaverit
281 2101 316 2162 in
336 2101 428 2160 deum
440 2098 491 2179 ⁵),
519 2101 589 2180 qaia
605 2119 666 2180 pro
688 2120 724 2160 eo
745 2107 914 2182 rogaturus
936 2101 1010 2164 est?
1042 2099 1133 2162 facile
1155 2115 1252 2179 crgo‘

8 2243 10 2250 .
75 2187 189 2252 talium
207 2183 405 2250 sacerdotum
426 2185 614 2247 excessibus
641 2184 693 2246 illa
714 2185 827 2253 domini
848 2185 1005 2247 sententia
1027 2183 1231 2264 coaptabitur,

77 2290 144 2354 qua
163 2269 280 2330 malitia
299 2269 469 2350 percutitur
490 2268 699 2333 sacerdotum.
740 2270 825 2331 Dicit
846 2271 945 2333 enim:
970 2269 1230 2348 Honorificcntes

77 2377 130 2418 me
151 2354 375 2434 lionore'ficobo,
399 2357 453 2436 qai
474 2361 590 2416 autem
604 2361 886 2430 corrternncntme,
908 2361 1000 2416 erant
1021 2353 1175 2436 ignobiles
1187 2351 1231 2430 ο).

79 2439 276 2518 Quicumque
306 2459 381 2521 ergo
409 2436 689 2504 sacerdotumsvel
718 2441 924 2502 ministrorum
953 2439 1102 2520 deinceps
1131 2449 1230 2498 causa

51 2543 59 2548 ·
79 2523 248 2605 cujuslibet
263 2521 386 2586 ,doloris
407 2525 459 2584 vel
486 2523 696 2590 amaritudinis
717 2533 876 2606 permotus
898 2532 953 2584 aut
975 2524 1070 2584 altare
1092 2522 1229 2584 divinum

79 2609 379 2672 vestibussacratis
400 2629 519 2674 exuere
538 2610 797 2690 praesumpserit,
819 2617 872 2672 aut
894 2607 1032 2689 qualibet
1053 2609 1114 2670 alia
1133 2607 1230 2688 lugu-

79 2697 126 2758 bri
146 2699 239 2758 ve‘ste
261 2696 432 2759 accinxerit
442 2693 486 2776 ⁷),
508 2713 567 2756 seu
588 2695 683 2756 etiam
704 2695 733 2756 si
754 2702 906 2756 consueta
927 2693 1150 2755 luminariorum
1171 2710 1229 2753 sa-

30 2825 36 2839 .
80 2799 200 2846 crorum
226 2781 376 2862 obsequia
405 2779 446 2842 de
474 2780 590 2860 templo
620 2777 670 2840 dei
691 2779 879 2842 subtraxerit
898 2779 949 2842 vel
972 2777 1114 2859 extingui
1134 2773 1248 2858 praef¹
1354 2769 1355 2772 '

80 2868 199 2946 ceperit
225 2873 280 2926 aut
307 2864 524 2945 quodcumque
554 2864 752 2946 lugubritatis
781 2866 812 2925 in
839 2865 954 2945 templo
983 2863 1034 2924 dei
1063 2858 1228 2942 induxerit,
1318 2935 1323 2946 A
1393 2895 1411 2927 ι,

81 2959 192 3030 atque,
220 2949 316 3034 quod
331 2947 421 3028 pejus
449 2959 516 3030 est,
542 2951 743 3012 occasionem
770 2950 911 3012 nutrierit
938 2949 1020 3010 undo
1042 2947 1081 3010 de
1104 2947 1229 3026 templis

82 3034 195 3102 domini
210 3031 278 3094 ‘aut
304 3033 407 3096 officia
428 3028 582 3098 consueta
604 3033 707 3098 desint
729 3043 783 3098 aut
804 3035 919 3098 oblatio
941 3034 1107 3116 singularis
1129 3033 1230 3094 sacri-

81 3119 143 3182 ficii
163 3115 306 3180 videatur
325 3120 357 3180 iu
378 3119 480 3199 aliquo
502 3113 696 3199 defraudari,
713 3121 741 3182 si
760 3140 832 3182 eum
853 3128 947 3182 autea
966 3139 1061 3182 verae
1083 3115 1230 3198 poenitu-

82 3205 160 3268 dinis
177 3223 280 3266 coram
297 3206 533 3286 metropolit-arro
555 3205 730 3268 satisfactio
751 3225 812 3266 non
832 3205 1024 3286 purgaverit,
1042 3201 1229 3284 ignobilitati

80 3298 249 3372 perpetuae
276 3290 471 3370 mancipatus
498 3287 591 3369 juxta
618 3291 809 3369 superiorem
835 3291 1022 3350 sententiam
1051 3287 1165 3348 domini
1194 3293 1229 3346 et

79 3376 139 3438 loci
160 3375 210 3436 sui
230 3373 383 3456 dignitate
404 3393 441 3436 se
463 3372 586 3436 noverit
608 3374 688 3453 ete)
714 3375 829 3436 horrore
855 3375 985 3454 privari3
1015 3374 1074 3434 illis
1100 3371 1228 3452 procul-

82 3460 172 3522 dubio
200 3461 344 3538 personis
371 3459 409 3520 ab
439 3459 500 3521 hac
527 3459 729 3538 ultiorrum,⁰)
757 3458 916 3521 sententia
942 3459 1116 3539 separatis,
1146 3475 1228 3536 quae

82 3553 134 3606 aut
146 3544 438 3604 contaminationem
451 3563 609 3608 sacrorum
626 3545 762 3606 ordinum
778 3545 829 3606 vel
845 3543 1079 3606 subversionem
1096 3550 1228 3624 sanctae

81 3627 151 3690 fidei
186 3635 365 3689 metuentes
401 3637 456 3690 aut
485 3631 689 3692 hostilitatem
721 3631 773 3692 vel
804 3629 996 3696 obsidionem
1034 3628 1228 3708 perferentes
1294 3624 1297 3630 ’

81 3731 138 3776 seu
157 3711 253 3772 etiam
274 3711 444 3774 divinorum
464 3712 649 3794 judiciorum
675 3717 863 3778 sententiam
885 3723 1064 3776 metuentes
1084 3712 1159 3771 talia
1172 3707 1226 3785 ¹⁰)

80 3800 193 3862 fecisse
222 3797 408 3878 contigerit,
444 3799 628 3880 inquorum
656 3799 741 3860 facto
769 3799 839 3880 plus
866 3799 1023 3858 humilitas
1057 3814 1120 3877 qua
1147 3790 1258 3856 deus‘

80 3886 218 3966 placetur
237 3901 329 3964 quam
349 3884 461 3946 interni
481 3885 593 3948 laboris
616 3879 768 3948 dolositas
790 3883 973 3946 declaratur.
1036 3957 1038 3964 Ι

161 4051 198 4114 Si
218 4051 404 4134 generaliter
425 4051 631 4116 obediendum
652 4053 733 4116 omni
753 4053 838 4116 fratri
857 4053 889 4114 in
914 4060 1035 4130 tantum
1059 4071 1077 4112 a
1099 4047 1226 4112 Christo

81 4137 262 4220 praecipitur
278 4133 353 4216 ¹¹),
383 4145 423 4198 ut-
448 4156 510 4200 non
543 4139 644 4202 solum
672 4139 701 4203 si
729 4139 882 4221 angariati
910 4138 1058 4205 fuerimus
1073 4134 1227 4216 passibus

80 4259 275 4280 *uu-—
825 4269 826 4274 ,

116 4321 141 4388 1)
156 4318 253 4370 leram.
270 4317 320 4384 48,
339 4321 382 4372 10.
418 4320 705 4386 -2)n1rartt·uen1.
740 4353 776 4364 -
801 4321 830 4388 ³)
847 4319 934 4382 carifici
951 4321 1033 4374 Hard.
1069 4349 1104 4382 7—
1138 4317 1169 4384 ⁴)
1187 4319 1228 4368 in-

143 4395 232 4453 mlml
247 4389 284 4440 Μ.
309 4417 345 4430 -·
368 4391 474 4444 lSarn.
493 4393 525 4454 2,
542 4391 585 4444 25.
626 4419 662 4430 -—
704 4389 774 4459 ⁵)'si
791 4398 876 4444 cretona
896 4391 923 4440 iu
941 4391 1067 4443 dominam
1087 4389 1228 4456 peccauerit

63 4449 64 4458 ¹
145 4453 279 4509 innr.M.
309 4487 345 4512 -τ
368 4458 529 4524 ,⁶)lSam.
547 4461 573 4524 2,
591 4459 634 4512 30.
669 4451 1005 4528 -'r)occtn9t1tt,-
1041 4457 1229 4524 sterticen.

96 4569 103 4584 ,
146 4522 293 4578 Delendnm
309 4528 355 4578 hoc
373 4529 485 4584 ridetur.
513 4529 596 4585 Hard.
622 4557 658 4572 -
693 4525 722 4595 ⁸)
739 4531 846 4584 rrltionie
862 4529 900 4584 Mt
928 4551 959 4570 -
996 4528 1045 4594 19)
1062 4529 1115 4580 tole
1132 4527 1169 4580 M.
1195 4553 1230 4566 -

98 4589 371 4668 ¹¹)Mattlt.5,41.
407 4630 442 4648 ι...
