2880 5050
215 271 281 342 382
476 267 718 341 GONffllebl
743 269 1015 342 accusabunt
1035 276 1103 340 llll.

215 441 357 510 numu
385 440 469 508 vivit
504 451 540 512 ct
576 443 725 530 gloriatur
740 441 774 524 ι)
808 443 889 510 dous
927 443 959 508 in
993 443 1123 510 saccaria
1139 459 1142 466 ⁴
1158 442 1400 510 sacerdotum.

210 530 323 594 Arnen.

309 653 567 720 Consummatnm
600 665 653 720 est
683 657 746 722 boo
778 665 924 722 sanctum
959 655 1125 720 concilium
1163 650 1215 720 dio
1252 663 1394 720 octavo

212 739 424 806 Kalendarum
460 741 696 806 Februariarum
736 761 817 805 anno
858 741 948 826 regni
986 741 1121 805 feliciter
1164 741 1269 822 primo
1317 762 1391 806 se-

211 826 367 904 renissimi
402 835 498 910 atquo
537 827 773 892 clementissimi
806 825 922 893 domini
958 828 1055 892 nostri
1092 827 1215 912 Ervigii
1265 829 1387 914 regis,

210 932 266 984 era
291 911 517 994 uccx1x2).

297 1039 466 1120 ouinw)
493 1039 635 1104 omnibus
660 1037 865 1122 synodalibus
885 1039 991 1123 gestis
1011 1037 1151 1104 decretis
1170 1048 1274 1123 atque
1296 1060 1382 1122 per·

211 1125 297 1192 actis
306 1127 341 1207 ⁴)
357 1135 392 1188 et
411 1126 548 1192 debitam
567 1126 777 1189 reverentiam
796 1125 923 1190 honoris
942 1125 1148 1208 impendimus
1168 1133 1203 1188 et
1222 1128 1381 1207 patulum

212 1211 412 1278 auctoritatis
432 1220 560 1276 nostrae
572 1213 716 1295 vigorem
736 1211 787 1274 his
807 1212 969 1276 innectere
987 1229 1189 1294 procuramus
1201 1211 1254 1294 ὅ);
1276 1213 1377 1276 ideo-

212 1314 276 1380 que
303 1298 495 1379 praemissas
522 1299 581 1363 bas
609 1297 852 1362 constitutiones
878 1297 1050 1380 synodicas
1076 1317 1096 1362 a
1123 1298 1291 1380 praesenti
1317 1299 1372 1360 dic

212 1382 266 1445 vel
292 1391 452 1467 tempore,
478 1382 511 1447 id
537 1391 591 1448 cst
619 1383 658 1446 ab
688 1391 804 1448 octavo
830 1383 991 1446 Kdondas
1016 1382 1251 1462 Februarias⁶)
1279 1402 1368 1446 anno

211 1469 310 1552 primo
345 1470 436 1553 regni
470 1469 569 1534 nostri
602 1469 706 1532 nullus
738 1467 854 1532 audeat
883 1477 1103 1550 contemnere,
1133 1470 1235 1532 nullus
1259 1470 1358 1530 etiam

210 1555 396 1638 praeterire,
417 1574 509 1618 nemo
530 1553 709 1618 earumdem
725 1555 982 1620 constitutionum
1002 1553 1175 1635 audebitl)
1191 1553 1260 1635 jura
1277 1573 1356 1616 con-

211 1641 348 1724 vellere,
369 1641 472 1706 nullus
492 1649 660 1706 temerator
680 1641 762 1704 hacc
781 1639 911 1706 decreta
930 1641 1095 1704 subvertet
1106 1639 1158 1724 ⁸),
1187 1659 1279 1702 nemo
1300 1640 1364 1700 illi·

210 1726 324 1790 citator
348 1727 403 1790 vel
429 1734 627 1808 contemptor
652 1727 795 1810 vigorem
821 1727 871 1790 his
904 1726 1151 1790 institutionibus
1178 1726 1365 1808 subtrahet3

210 1811 272 1876 sed
292 1812 482 1896 generaliter
500 1833 557 1893 per
578 1821 712 1878 cunctas
732 1813 824 1896 regni
843 1813 941 1874 nostri
959 1812 1139 1894 provincias
1159 1811 1242 1876 haec
1261 1831 1365 1874 canc-

209 1915 283 1960 num
309 1899 454 1962 instituta
481 1907 609 1960 nostrae
634 1899 753 1980 gloriae
780 1897 973 1978 temporibus
999 1907 1074 1960 acta
1101 1906 1137 1960 ct
1162 1898 1363 1961 auctoritatis

209 1981 335 2046 debitae
355 1983 483 2066 fastigio
505 1983 759 2064 praepollebunt,
789 1991 823 2045 et
842 1983 1038 2046 irrevocabili
1054 1982 1243 2065 judiciorum
1264 2004 1361 2046 eser-

210 2068 306 2148 citio,
334 2077 426 2150 prout
447 2069 639 2132 constitutae
652 2068 686 2148 ⁹)
718 2075 812 2149 sunt,
838 2067 870 2130 in
891 2069 1033 2132 omnibus
1053 2070 1144 2153 regni
1164 2071 1266 2132 nostri
1283 2089 1360 2151 pro-

209 2152 322 2214 vinciis
343 2151 484 2216 celebres
504 2153 708 2218 habebuntur.
739 2153 862 2234 Siquis
881 2163 988 2216 autem
1008 2155 1090 2218 haec
1110 2155 1258 2218 instituta
1278 2175 1357 2218 con·-

207 2244 343 2318 temnat,
366 2245 614 2318 contemptorum
634 2257 671 2302 se
692 2240 815 2302 noverit
835 2238 973 2302 damnari
992 2241 1168 2323 sententia,
1196 2241 1228 2304 id
1250 2249 1354 2304 estut

202 2319 299 2406 juxta
323 2323 518 2388 voluntatem
543 2332 670 2388 nostrae
698 2325 817 2407 gloriae
846 2333 881 2390 et
909 2327 1198 2388 excommunicatus
1220 2346 1240 2388 a
1262 2335 1350 2390 coetu

206 2417 314 2473 nostro
343 2409 463 2472 resiliat
490 2417 525 2472 et
550 2410 676 2492 insuper
705 2410 860 2474 decimam
890 2419 1011 2492 partem
1039 2413 1084 2474 rei
1102 2410 1156 2490 ¹⁰)
1185 2431 1264 2474 snae
1284 2411 1353 2474 lisol

204 2495 346 2577 partibus
375 2495 557 2559 sociandam
585 2498 729 2559 amittat:
761 2495 844 2578 quod
871 2497 901 2559 si
925 2495 1000 2560 nihil
1021 2497 1164 2560 habuerit
1184 2497 1354 2580 facultatis,

204 2580 289 2645 unde
308 2580 502 2662 praedictam
522 2583 779 2664 compositionem
806 2581 1048 2661 exsolvere11)
1079 2583 1201 2665 possit,
1234 2585 1354 2664 absque

202 2666 308 2817 linquo
334 2667 459 2832 infamio
477 2665 531 2748 12)
559 2669 609 2730 sui
629 2669 857 2754 quinquaginta
877 2687 949 2732 eum
970 2669 1126 2750 oportebit
1144 2669 1259 2734 ictibus
1278 2689 1354 2732 ver-

225 2751 379 2816 erari¹³.

286 2877 382 2942 Edita
415 2877 469 2941 lex
498 2879 530 2941 in
563 2876 796 2942 confirmatione
821 2839 952 2946 ¹concilii
986 2879 1098 2943 'l'oleto
1116 2879 1171 2961 ¹⁴)
1210 2881 1269 2946 sub
1301 2881 1352 2946 dic

202 2974 319 3029 octavo
339 2962 501 3028 Kalendas
520 2964 709 3030 Februarias
723 2965 777 3046 Η)
799 2985 880 3030 anno
898 2965 1031 3030 feliciter
1050 2966 1149 3048 primo
1168 2968 1259 3052 regni
1278 2969 1351 3051 glo·
1424 3011 1425 3030 r

201 3053 268 3118 riao
286 3058 423 3114 nostrae.

284 3180 321 3242 ln
348 3176 473 3240 nomme
497 3173 613 3239 domini
634 3172 766 3242 Flavius
786 3176 937 3262 Ervigius
958 3203 1015 3246 rex
1035 3185 1097 3247 hoc
1118 3183 1202 3268 legis
1222 3187 1347 3245 nostrae

200 3265 338 3334 edictum
357 3265 389 3328 in
410 3262 643 3329 confirmatione
663 3261 756 3348 hujus
777 3265 900 3330 concilii
919 3269 1149 3354 promulgatum
1168 3267 1347 3348 subscripsi.

199 3431 400 3452 μ

237 3525 303 3596 1)te
318 3524 526 3604 proeatouletdeo
540 3559 565 3578 ..
580 3525 624 3592 qui
641 3559 667 3578 ..
684 3525 748 3578 civia
765 3535 790 3579 et
804 3529 960 3596 plurificoric
975 3532 1031 3585 BR.
1043 3531 1075 3585 Ε.
1087 3532 1114 3586 4.
1133 3532 1167 3586 Τ.
1182 3535 1206 3586 l.
1217 3533 1243 3586 2.
1259 3561 1293 3572 -
1307 3533 1345 3583 oi-

267 3598 305 3649 cit
323 3603 348 3648 et
365 3593 453 3661 reponi
468 3609 497 3645 ln
514 3611 548 3646 nr.
565 3595 602 3646 Μ.
636 3623 673 3636 ι·-
709 3593 928 3667 ²)1nlersuerunt
944 3601 1002 3654 boio
1018 3610 1106 3654 coactu
1124 3605 1229 3655 concilio
1246 3599 1343 3671 pontili-

268 3681 310 3718 res
326 3679 430 3718 atumem
446 3664 554 3729 triplam
570 3665 677 3733 quiaque
697 3666 757 3718 add.
775 3668 813 3722 Μ.
836 3700 872 3711 --
895 3674 1047 3740 Sequuntur
1064 3673 1277 3742 subscriptiones.
1308 3701 1341 3712 —-

235 3737 265 3809 a)
285 3735 318 3790 of.
336 3733 470 3803 pag.320.
488 3733 578 3786 nobb.
604 3765 640 3776 --
675 3735 705 3802 ⁴)
721 3739 801 3802 perlis
818 3747 892 3808 utque
909 3742 1018 3796 demotis
1034 3743 1072 3795 M.
1106 3771 1143 3782 -
1179 3744 1208 3811 ὅ)
1224 3757 1340 3811 propero-

266 3883 365 3929 uertocc
381 3875 409 3928 in
426 3890 461 3926 m.
478 3875 516 3928 Μ.
550 3903 587 3916 ·-
620 3876 650 3943 ο)
668 3877 804 3929 cmrstt'lrtto
820 3878 886 3931 ibid.
920 3908 956 3920 —-
996 3883 1045 3951 1⁰)
1063 3883 1198 3949 facultatis
1215 3882 1276 3935 ibid.
1303 3908 1334 3918 ·-

214 3943 553 4080 mmm
566 3945 747 4067 tillim
762 3947 968 4069 little
987 3951 1024 4004 Μ·
1059 3982 1095 3993 -
1114 4022 1120 4036 ·
1137 3953 1187 4034 2³>
1251 3965 1337 4019 ‘uui

213 4085 262 4154 Η)
280 4031 453 4139 Kolendoiam
469 4031 740 4138 setmrur'onllnff'
759 4053 801 4128 -·
964 4021 976 4089 J
1004 4021 1120 4078 mmm
1143 4037 1170 4076 m
1188 4041 1224 4078 m·
1242 4023 1278 4076 M
1307 4049 1339 4062 .-

266 3806 367 3860 masin
383 3821 418 3858 m.
435 3803 473 3856 Μ.
510 3835 547 3848 -
586 3805 616 3870 θ)
635 3805 770 3858 Februorii
788 3809 825 3861 M.
860 3837 895 3850 —-
939 3811 967 3878 i)
984 3813 1080 3864 ardeat
1094 3813 1131 3864 Μ.
1166 3841 1202 3854 -
1245 3811 1336 3880 ⁸)rab·
1422 3819 1423 3824 ’
