2880 5050
364 253 607 326 colluuntur
628 251 898 320 concumbi
918 253 973 320 XI.
1178 252 1244 320 309

9 455 16 498 ι
70 423 308 495 ἰιιιὶἰῑίοιιίΙιιιιι
329 427 495 510 imbuatur,
528 428 573 492 ita
592 433 629 490 ut
648 424 837 490 indesinenti
855 423 1064 490 sollicitudine
1082 425 1242 506 praelatus

9 545 18 584 r
88 517 225 597 quisque
260 515 404 578 subditos
436 510 591 598 quaerens
624 520 679 576 aut
704 513 877 593 profectum
904 529 1010 574 eorum
1035 511 1242 574 laetabundus

12 631 17 640 ·
90 609 250 684 agnoscat
264 609 321 664 aut
336 600 541 664 nescientiam
563 599 632 660 sine
653 599 830 680 arrogantia
850 599 992 660 instruat.
1023 596 1146 659 Placuit
1162 615 1239 679 ergo

89 686 133 750 de
153 687 268 748 talibus
283 685 376 767 juxta
395 687 539 748 instituta
553 683 698 746 Toletani
717 683 842 746 concilii
853 682 885 761 ¹)
906 682 968 744 hoc
985 681 1165 762 specialiter
1180 681 1241 744 de-

88 771 203 853 linire,
238 780 274 832 ut
304 781 359 834 aut
389 781 503 852 sponte
533 777 658 833 sumant
689 768 891 831 intentionem
921 767 1133 830 necessariam
1164 787 1240 848 per-

7 891 14 930 :
88 856 240 938 discendi,
262 866 317 920 aut
337 877 358 922 a
377 855 546 937 majoribus
567 854 774 918 adlectionis
795 852 947 918 exercitia
968 861 1122 937 cogantur
1141 853 1239 918 inviti.

183 1026 235 1088 De
266 1024 339 1106 his,
373 1025 426 1106 qui
452 1033 561 1088 contra
593 1024 729 1105 apostoli
759 1025 953 1088 voluntatem
987 1023 1239 1088 circumferuntur

88 1112 175 1176 omni
195 1119 291 1174 vento
313 1111 471 1174 doctrinae
485 1110 537 1190 ²),
564 1110 683 1190 placuit
703 1109 776 1174 huic
796 1120 908 1174 saneto
930 1111 1080 1192 concilio,
1110 1119 1146 1172 ut
1166 1128 1237 1172 me-

89 1197 296 1278 tropolitanae
325 1195 412 1258 sedis
440 1197 627 1260 auctoritate
655 1197 758 1258 coacti
785 1187 1029 1278 uniuscujusqbe
1057 1197 1237 1276 provinciae

5 1340 6 1350 ,
88 1282 257 1364 pontifices
283 1289 487 1362 rectoresque
513 1281 717 1344 ecclesiarum
744 1299 838 1344 unum
864 1281 1070 1364 eumdemque
1096 1281 1128 1344 in
1147 1281 1237 1362 psal-

88 1367 182 1430 lendo
202 1375 333 1428 teneant
351 1366 485 1447 modum,
511 1384 606 1448 quem
625 1367 658 1428 in
677 1367 914 1446 metropolitana
933 1366 1011 1429 sede
1032 1367 1238 1450 cognoverint

86 1455 280 1532 institutum,
307 1471 370 1515 noc
397 1453 500 1533 aliqua
529 1451 713 1514 diversitate
740 1451 892 1534 cujusque
920 1451 1042 1532 ordinis¹
1061 1453 1114 1513 vel
1142 1451 1237 1514 officii

87 1557 110 1602 a
129 1538 366 1618 metropolitana
392 1555 429 1600 se
457 1538 613 1618 patiantur
641 1537 719 1600 sede
744 1535 888 1620 disjungi.
930 1537 987 1600 Sic
1012 1537 1094 1598 enim
1115 1533 1236 1618 justum

89 1632 152 1704 est,
168 1631 206 1684 ut
225 1622 297 1687 inde
316 1624 529 1704 unusquisque
550 1631 653 1684 sumat
672 1623 799 1705 regidos
820 1623 991 1706 magisterii
1009 1621 1092 1684 unde
1110 1622 1236 1684 honoris

88 1709 360 1772 consecrationem
379 1710 520 1790 accepit,
539 1716 576 1770 ut
592 1707 685 1788 juxta
703 1707 853 1789 majorum
873 1709 1001 1772 decreta
1020 1707 1131 1788 sedes,
1153 1727 1235 1788 quae

87 1794 256 1874 unicuique
276 1793 480 1856 sacerdotalis
500 1802 601 1856 mater
621 1802 673 1856 est
693 1791 864 1877 dignitatis,
885 1793 927 1856 sit
947 1803 981 1856 et
996 1789 1244 1856 ecclesiasticae

86 1879 240 1962 magistra
260 1879 399 1942 rationis.
451 1879 627 1941 Abbatibus
647 1897 726 1940 sane
746 1879 872 1942 indultis
892 1879 1019 1961 officiis,
1044 1899 1125 1961 qnae
1142 1875 1235 1958 juxta

86 1965 282 2026 voluntatem
311 1966 361 2026 sui
389 1965 531 2045 episcopi
550 1965 732 2046 regulariter
750 1966 810 2027 illis
830 1965 986 2045 implenda
1005 1973 1096 2047 sunt,
1126 1973 1234 2028 cetera

84 2050 190 2112 officia
216 2049 360 2130 publica,
392 2049 425 2112 id
451 2059 503 2112 est
529 2069 695 2130 vesperam
711 2049 769 2132 ³),
799 2051 983 2112 matutinum
1009 2051 1079 2112 sive
1105 2049 1234 2112 missam

84 2137 176 2198 aliter
204 2153 299 2216 quam
326 2135 357 2196 in
383 2135 544 2216 principali
565 2135 705 2198 ecclesia
724 2135 882 2201 celebrare
902 2155 964 2200 non
984 2136 1088 2198 liceat.
1136 2133 1234 2212 Quis-

83 2222 156 2303 quis
177 2229 284 2282 autem
302 2219 410 2282 horum
431 2215 626 2284 decretorum
645 2219 778 2286 violator
805 2221 960 2304 extiterit,
988 2239 1048 2284 sex
1073 2222 1235 2283 mensibus

84 2307 303 2370 communione
339 2307 480 2386 privatus
514 2305 598 2386 apud
632 2307 900 2386 metropolitanum
932 2307 1003 2368 sub·
1022 2307 1233 2387 poenitentiae

85 2409 221 2454 censura
247 2399 428 2470 permaneat
454 2390 672 2474 corrigendae,
699 2392 832 2472 qualiter
858 2391 942 2472 apud
968 2391 1052 2456 illum
1079 2401 1112 2456 et
1138 2411 1234 2472 prae-

86 2477 199 2546 teritae
220 2476 478 2558 transgressionis
499 2477 623 2556 culpam
642 2477 789 2558 lacrymis
810 2476 925 2558 diluat,
958 2485 993 2540 et
1020 2479 1233 2540 necessariam

84 2559 257 2622 officiorum
278 2560 448 2624 doctrinam
469 2562 611 2626 studiose
632 2561 784 2626 addiscat.
832 2562 900 2624 Sub
928 2563 990 2624 ista
1019 2582 1095 2644 orgo
1123 2563 1233 2644 regula

85 2645 268 2726 disciplinae
306 2665 368 2710 non
397 2648 497 2709 solum
526 2647 784 2728 metropolitanus
815 2648 912 2710 totius
943 2665 1021 2710 suae
1052 2647 1234 2728 provinciae

82 2732 251 2818 pontifices
278 2731 331 2794 vel
357 2731 540 2796 sacerdotes
562 2732 756 2816 adstringat,
782 2733 841 2798 sed
862 2733 957 2794 etiam
974 2734 1071 2795 ceteri
1092 2733 1233 2816 episcopi

82 2815 247 2898 subjectos
272 2818 333 2880 sibi
358 2818 562 2884 ecclesiarum
589 2826 729 2886 rectores
756 2817 806 2884 his
826 2819 1039 2904 obtemperare
1059 2819 1233 2884 institutio-

81 2904 174 2966 nibus
193 2911 320 2986 cogant.

176 3071 269 3138 Sicut
298 3074 397 3136 omnis
424 3075 477 3158 qui
496 3075 597 3161 diligit
616 3079 741 3140 fratrem
762 3095 852 3140 suum
873 3096 915 3140 ex
936 3077 996 3140 deo
1010 3077 1063 3160 ⁴),
1085 3079 1135 3143 ita
1163 3097 1233 3142 om-

89 3160 140 3220 nis
177 3160 229 3241 qui
258 3159 324 3222 odit
349 3161 521 3241 proximum
552 3183 594 3226 ex
621 3163 742 3227 diabolo
771 3171 839 3246 est3
870 3163 1035 3228 dilectione
1062 3165 1145 3226 enim
1165 3166 1234 3226 sola

84 3243 288 3325 discernitur,
318 3247 388 3326 quis
413 3267 539 3331 exque
567 3251 694 3332 genitus
714 3249 915 3330 approbetur,
944 3249 1069 3313 dicente
1088 3249 1232 3312 Joarme:

83 3329 123 3392 In
143 3329 201 3393 hoc
221 3333 387 3412 manifesti
406 3341 482 3394 soret
493 3333 565 3414 filii
585 3335 639 3396 dei
660 3342 693 3395 et
704 3335 776 3414 filii
796 3333 934 3408 dioboli3
956 3336 1071 3412 monia,
1094 3336 1148 3416 qui
1168 3353 1232 3396 corr

74 3417 166 3496 jacit
178 3416 363 3494 justitiam,
391 3437 455 3480 aaa
476 3425 525 3480 eat
548 3419 587 3481 de
608 3419 685 3492 deo,
714 3437 778 3479 acre
791 3417 825 3496 ⁶)
846 3416 958 3500 diligit
971 3422 1110 3500 fratrem
1131 3439 1231 3495 auom,

84 3501 234 3578 quoniam
269 3502 347 3562 boec
376 3510 425 3564 est
451 3507 658 3566 annuntiatio
688 3523 782 3586 quom
808 3503 946 3566 audistis
975 3505 1015 3566 ab
1043 3505 1165 3581 initio,
1194 3511 1231 3566 ut

63 3581 256 3680 ‘diligamus
286 3584 496 3675 alterutrum
531 3597 563 3650 et
594 3597 669 3670 post
695 3588 878 3668 paululum:
920 3588 1045 3665 Omnis,
1078 3593 1133 3672 qui
1162 3591 1232 3652 odit

75 3667 217 3746 fratrem
236 3687 326 3728 saum
342 3667 500 3734 homicida
521 3684 589 3748 ost‚·
611 3682 644 3734 et
663 3675 765 3747 scitia,
781 3675 929 3755 quoniam
951 3677 1051 3736 omnio
1073 3675 1232 3736 homicida

81 3769 147 3812 raon
174 3751 268 3812 latet
295 3753 395 3814 citum
420 3763 582 3820 aeternum
603 3764 638 3822 ira
658 3779 693 3820 oo
713 3767 902 3820 manentem.
959 3761 1048 3822 Elcce
1077 3759 1232 3820 homicida

81 3854 157 3898 esse
183 3837 381 3916 probabiliter
404 3837 595 3924 declaratur,
626 3845 678 3925 qui
700 3862 719 3904 a
737 3843 872 3902 fraterna
893 3845 1046 3906 societate
1067 3843 1231 3927 dividitur3

81 3939 155 3982 nam
180 3923 242 3984 etsi
269 3941 381 3986 manus
406 3945 469 3988 non
495 3937 621 3990 moveat
646 3926 687 3990 ad
714 3925 937 4009 occidendum,
964 3948 1020 4009 pro
1048 3948 1087 3990 eo
1114 3937 1232 4012 tamen,

82 4006 155 4086 quia
175 4007 300 4070 immitis
321 4018 374 4071 est
394 4011 435 4073 ad
456 4013 683 4094 ignoscendum
697 4009 750 4090 ⁶),
776 4010 842 4092 jam
870 4032 891 4074 a
920 4013 980 4075 deo
1001 4015 1157 4078 homicida
1177 4025 1230 4077 te-

82 4098 190 4153 netur:
211 4093 292 4155 vivit
311 4091 375 4170 ille,
395 4095 511 4160 eliste
527 4097 594 4180 jam
614 4098 795 4161 interfector
816 4116 890 4160 esse
911 4101 1113 4162 convincitur.
1147 4101 1229 4166 cum

79 4175 175 4260 igitur
200 4175 251 4240 bis
277 4182 457 4263 praeceptis
484 4183 597 4246 beatus
627 4185 791 4266 apostolus
820 4185 939 4248 Pardus
968 4203 1108 4248 consona
1134 4205 1229 4270 prae-

118 4427 147 4494 ι)
166 4428 249 4481 eone.
267 4431 356 4484 roret
372 4432 443 4484 vlll.
468 4449 490 4486 a
506 4437 533 4490 a.
567 4419 603 4475 ’-
638 4439 667 4505 2)
685 4438 752 4506 ιρι.
769 4439 801 4503 ι,
820 4440 862 4490 ιι.
880 4471 914 4483 -
932 4440 965 4494 cf.
986 4440 1067 4494 conc.
1085 4441 1172 4492 roret.
1186 4442 1230 4493 ιι.

149 4513 172 4548 c.
190 4500 216 4550 2.
250 4529 286 4542 «-
321 4501 351 4567 ³)
368 4517 487 4568 vesperos
504 4505 530 4558 in
549 4523 583 4558 ιιι.
600 4508 636 4559 M.
671 4537 706 4548 -
748 4510 777 4574 4,)
796 4511 1102 4562 instrumentum.
1121 4511 1158 4562 Μ.
1194 4539 1229 4549 -

116 4565 145 4634 ⁵)
162 4569 368 4650 θῑφῑῑιιοιιΜ.
397 4599 432 4612 -
459 4575 775 4640 lloh.3,10.11.15.
818 4607 853 4618 ·-
899 4579 928 4646 θ)
946 4582 1005 4647 poio
1022 4581 1114 4632 sititor
1132 4581 1166 4630 orl
1182 4597 1230 4631 orr-

149 4638 252 4691 eeodum
270 4656 298 4692 ur
316 4657 350 4692 m.
367 4641 405 4695 M.
440 4671 475 4682 -
