<?xml version="1.0" encoding="UTF-8"?>
<!DOCTYPE html PUBLIC "-//W3C//DTD XHTML 1.0 Transitional//EN"
    "http://www.w3.org/TR/xhtml1/DTD/xhtml1-transitional.dtd">
<html xmlns="http://www.w3.org/1999/xhtml" xml:lang="en" lang="en">
 <head>
  <title>
</title>
<meta http-equiv="Content-Type" content="text/html;charset=utf-8" />
  <meta name='ocr-system' content='tesseract 3.04.00' />
  <meta name='ocr-capabilities' content='ocr_page ocr_carea ocr_par ocr_line ocrx_word'/>
</head>
<body>
  <div class='ocr_page' id='page_1' title='image "./canonesapostolo00brungoog/canonesapostolo00brungoog_0362.png"; bbox 0 0 2880 5050; ppageno 0'>
   <div class='ocr_carea' id='block_1_1' title="bbox 972 195 1324 336">
    <p class='ocr_par' dir='ltr' id='par_1_1' title="bbox 972 195 1324 336">
     <span class='ocr_line' id='line_1_1' title="bbox 1318 195 1324 202; baseline 0 0"><span class='ocrx_word' id='word_1_1' title='bbox 1318 195 1324 202; x_wconf 86' lang='lat'>.</span> 
     </span>
     <span class='ocr_line' id='line_1_2' title="bbox 1081 205 1088 218; baseline 0 0"><span class='ocrx_word' id='word_1_2' title='bbox 1081 205 1088 218; x_wconf 67' lang='grc' dir='ltr'><em>ὀ</em></span> 
     </span>
     <span class='ocr_line' id='line_1_3' title="bbox 1070 259 1237 336; baseline -0.018 1"><span class='ocrx_word' id='word_1_3' title='bbox 1070 287 1074 300; x_wconf 80' lang='grc'>’</span> <span class='ocrx_word' id='word_1_4' title='bbox 1168 259 1237 336; x_wconf 58' lang='lat' dir='ltr'>fl„</span> 
     </span>
     <span class='ocr_line' id='line_1_4' title="bbox 972 306 976 317; baseline 0 0"><span class='ocrx_word' id='word_1_5' title='bbox 972 306 976 317; x_wconf 85' lang='grc'>1</span> 
     </span>
    </p>
   </div>
   <div class='ocr_carea' id='block_1_2' title="bbox 76 441 1251 592">
    <p class='ocr_par' dir='ltr' id='par_1_2' title="bbox 76 441 1251 592">
     <span class='ocr_line' id='line_1_5' title="bbox 76 441 1251 592; baseline -0.006 0"><span class='ocrx_word' id='word_1_6' title='bbox 76 473 463 592; x_wconf 62' lang='lat' dir='ltr'>ponerer-uu</span> <span class='ocrx_word' id='word_1_7' title='bbox 496 441 889 584; x_wconf 76' lang='lat' dir='ltr'>ronnn&#39;nuuu</span> <span class='ocrx_word' id='word_1_8' title='bbox 921 443 1251 586; x_wconf 71' lang='lat' dir='ltr'>nu&#39;eruun</span> 
     </span>
    </p>
   </div>
   <div class='ocr_carea' id='block_1_3' title="bbox 509 607 808 698">
    <p class='ocr_par' dir='ltr' id='par_1_3' title="bbox 509 607 808 698">
     <span class='ocr_line' id='line_1_6' title="bbox 509 607 808 698; baseline -0.01 -15"><span class='ocrx_word' id='word_1_9' title='bbox 509 607 808 698; x_wconf 73' lang='lat' dir='ltr'>QUARTUM</span> 
     </span>
    </p>
   </div>
   <div class='ocr_carea' id='block_1_4' title="bbox 77 735 1234 918">
    <p class='ocr_par' dir='ltr' id='par_1_4' title="bbox 77 735 1234 918">
     <span class='ocr_line' id='line_1_7' title="bbox 77 735 1234 815; baseline -0.005 -3"><span class='ocrx_word' id='word_1_10' title='bbox 77 749 233 815; x_wconf 85' lang='lat' dir='ltr'>nncnn</span> <span class='ocrx_word' id='word_1_11' title='bbox 260 747 318 808; x_wconf 82' lang='lat' dir='ltr'>nr</span> <span class='ocrx_word' id='word_1_12' title='bbox 347 743 524 808; x_wconf 78' lang='lat' dir='ltr'>snnrrnu</span> <span class='ocrx_word' id='word_1_13' title='bbox 551 739 858 806; x_wconf 77' lang='lat' dir='ltr'><strong>EPISCOPORUM</strong></span> <span class='ocrx_word' id='word_1_14' title='bbox 886 742 1084 808; x_wconf 78' lang='lat' dir='ltr'>nnnrrun</span> <span class='ocrx_word' id='word_1_15' title='bbox 1109 735 1234 806; x_wconf 76' lang='lat' dir='ltr'>anuo</span> 
     </span>
     <span class='ocr_line' id='line_1_8' title="bbox 178 825 1137 918; baseline -0.004 -22"><span class='ocrx_word' id='word_1_16' title='bbox 178 825 341 912; x_wconf 81' lang='lat' dir='ltr'>oumro</span> <span class='ocrx_word' id='word_1_17' title='bbox 362 826 532 892; x_wconf 85' lang='lat' dir='ltr'>navrun</span> <span class='ocrx_word' id='word_1_18' title='bbox 550 827 767 918; x_wconf 74' lang='lat' dir='ltr'>ramerus</span> <span class='ocrx_word' id='word_1_19' title='bbox 787 827 878 892; x_wconf 78' lang='lat' dir='ltr'>aaa</span> <span class='ocrx_word' id='word_1_20' title='bbox 897 828 1079 894; x_wconf 84' lang='lat' dir='ltr'>uccxxu</span> <span class='ocrx_word' id='word_1_21' title='bbox 1095 825 1137 910; x_wconf 82' lang='lat'>¹).</span> 
     </span>
    </p>
   </div>
   <div class='ocr_carea' id='block_1_5' title="bbox 583 975 734 1002">
    <p class='ocr_par' dir='ltr' id='par_1_5' title="bbox 583 975 734 1002">
     <span class='ocr_line' id='line_1_9' title="bbox 583 975 734 1002; baseline 0.013 -2"><span class='ocrx_word' id='word_1_22' title='bbox 583 975 734 1002; x_wconf 53' lang='grc' dir='ltr'>Ψ·</span> 
     </span>
    </p>
   </div>
   <div class='ocr_carea' id='block_1_6' title="bbox 611 1095 671 1160">
    <p class='ocr_par' dir='ltr' id='par_1_6' title="bbox 611 1095 671 1160">
     <span class='ocr_line' id='line_1_10' title="bbox 611 1095 671 1160; baseline -0.017 0"><span class='ocrx_word' id='word_1_23' title='bbox 611 1095 671 1160; x_wconf 80' lang='lat'>¹1.</span> 
     </span>
    </p>
   </div>
   <div class='ocr_carea' id='block_1_7' title="bbox 85 1184 1386 1315">
    <p class='ocr_par' dir='ltr' id='par_1_7' title="bbox 85 1184 1386 1315">
     <span class='ocr_line' id='line_1_11' title="bbox 85 1184 1386 1315; baseline -0.005 -24"><span class='ocrx_word' id='word_1_24' title='bbox 85 1184 185 1293; x_wconf 64' lang='lat' dir='ltr'>oum</span> <span class='ocrx_word' id='word_1_25' title='bbox 210 1227 429 1294; x_wconf 84' lang='lat' dir='ltr'>serenissimus</span> <span class='ocrx_word' id='word_1_26' title='bbox 452 1233 486 1288; x_wconf 89' lang='lat' dir='ltr'>et</span> <span class='ocrx_word' id='word_1_27' title='bbox 505 1225 692 1308; x_wconf 77' lang='lat' dir='ltr'>perspicuus</span> <span class='ocrx_word' id='word_1_28' title='bbox 712 1223 860 1304; x_wconf 87' lang='lat' dir='ltr'>princeps</span> <span class='ocrx_word' id='word_1_29' title='bbox 879 1221 1047 1307; x_wconf 66' lang='lat' dir='ltr'>Rrrigius,</span> <span class='ocrx_word' id='word_1_30' title='bbox 1078 1223 1234 1308; x_wconf 82' lang='lat' dir='ltr'>gloriosus</span> <span class='ocrx_word' id='word_1_31' title='bbox 1380 1307 1386 1315; x_wconf 13' lang='grc' dir='ltr'><strong>Ν</strong></span> 
     </span>
    </p>
   </div>
   <div class='ocr_carea' id='block_1_8' title="bbox 84 1315 1234 1484">
    <p class='ocr_par' dir='ltr' id='par_1_8' title="bbox 84 1315 1234 1484">
     <span class='ocr_line' id='line_1_12' title="bbox 84 1315 1234 1400; baseline -0.01 -14"><span class='ocrx_word' id='word_1_32' title='bbox 84 1332 204 1386; x_wconf 88' lang='lat' dir='ltr'>amator</span> <span class='ocrx_word' id='word_1_33' title='bbox 223 1340 319 1384; x_wconf 88' lang='lat' dir='ltr'>verae</span> <span class='ocrx_word' id='word_1_34' title='bbox 339 1318 427 1400; x_wconf 91' lang='lat' dir='ltr'>lidei,</span> <span class='ocrx_word' id='word_1_35' title='bbox 448 1319 540 1378; x_wconf 89' lang='lat' dir='ltr'>immo</span> <span class='ocrx_word' id='word_1_36' title='bbox 562 1317 702 1378; x_wconf 91' lang='lat' dir='ltr'>amabilis</span> <span class='ocrx_word' id='word_1_37' title='bbox 722 1315 804 1376; x_wconf 89' lang='lat' dir='ltr'>filius</span> <span class='ocrx_word' id='word_1_38' title='bbox 826 1315 983 1376; x_wconf 85' lang='lat' dir='ltr'>ee&#39;elesiae</span> <span class='ocrx_word' id='word_1_39' title='bbox 1003 1315 1136 1396; x_wconf 83' lang='lat' dir='ltr'>Christi,</span> <span class='ocrx_word' id='word_1_40' title='bbox 1158 1334 1234 1397; x_wconf 82' lang='lat' dir='ltr'>pro-</span> 
     </span>
     <span class='ocr_line' id='line_1_13' title="bbox 84 1398 1234 1484; baseline -0.006 -14"><span class='ocrx_word' id='word_1_41' title='bbox 84 1407 241 1470; x_wconf 84' lang='lat' dir='ltr'>missionis</span> <span class='ocrx_word' id='word_1_42' title='bbox 261 1425 339 1468; x_wconf 89' lang='lat' dir='ltr'>suae</span> <span class='ocrx_word' id='word_1_43' title='bbox 360 1424 421 1466; x_wconf 95' lang='lat' dir='ltr'>non</span> <span class='ocrx_word' id='word_1_44' title='bbox 438 1404 605 1480; x_wconf 90' lang='lat' dir='ltr'>immemor,</span> <span class='ocrx_word' id='word_1_45' title='bbox 623 1402 662 1462; x_wconf 90' lang='lat' dir='ltr'>oh</span> <span class='ocrx_word' id='word_1_46' title='bbox 678 1398 898 1461; x_wconf 81' lang='lat' dir='ltr'>eonfirtandum</span> <span class='ocrx_word' id='word_1_47' title='bbox 912 1401 1100 1482; x_wconf 82' lang='lat' dir='ltr'>Apollinaris</span> <span class='ocrx_word' id='word_1_48' title='bbox 1117 1402 1234 1484; x_wconf 83' lang='lat' dir='ltr'>dogma</span> 
     </span>
    </p>
   </div>
   <div class='ocr_carea' id='block_1_9' title="bbox 83 1485 1302 1580">
    <p class='ocr_par' dir='ltr' id='par_1_9' title="bbox 83 1485 1302 1580">
     <span class='ocr_line' id='line_1_14' title="bbox 83 1485 1302 1580; baseline -0.008 -25"><span class='ocrx_word' id='word_1_49' title='bbox 83 1494 279 1580; x_wconf 79' lang='lat' dir='ltr'>pestiferum,</span> <span class='ocrx_word' id='word_1_50' title='bbox 309 1489 349 1552; x_wconf 89' lang='lat' dir='ltr'>de</span> <span class='ocrx_word' id='word_1_51' title='bbox 377 1508 438 1570; x_wconf 94' lang='lat' dir='ltr'>quo</span> <span class='ocrx_word' id='word_1_52' title='bbox 466 1489 526 1549; x_wconf 91' lang='lat' dir='ltr'>sibi</span> <span class='ocrx_word' id='word_1_53' title='bbox 547 1506 566 1547; x_wconf 90' lang='lat' dir='ltr'>a</span> <span class='ocrx_word' id='word_1_54' title='bbox 586 1485 728 1547; x_wconf 84' lang='lat' dir='ltr'>Romano</span> <span class='ocrx_word' id='word_1_55' title='bbox 748 1485 892 1566; x_wconf 83' lang='lat' dir='ltr'>praesule</span> <span class='ocrx_word' id='word_1_56' title='bbox 921 1485 1023 1548; x_wconf 85' lang='lat' dir='ltr'>luerat</span> <span class='ocrx_word' id='word_1_57' title='bbox 1050 1487 1233 1570; x_wconf 79' lang='lat' dir='ltr'>nuntiatum,</span> <span class='ocrx_word' id='word_1_58' title='bbox 1274 1485 1302 1534; x_wconf 56' lang='grc' dir='ltr'>ι’</span> 
     </span>
    </p>
   </div>
   <div class='ocr_carea' id='block_1_10' title="bbox 85 1569 1235 1828">
    <p class='ocr_par' dir='ltr' id='par_1_10' title="bbox 85 1569 1235 1828">
     <span class='ocr_line' id='line_1_15' title="bbox 85 1569 1234 1655; baseline -0.008 -14"><span class='ocrx_word' id='word_1_59' title='bbox 85 1589 213 1642; x_wconf 89' lang='lat' dir='ltr'>strenuo</span> <span class='ocrx_word' id='word_1_60' title='bbox 237 1586 271 1638; x_wconf 85' lang='lat' dir='ltr'>et</span> <span class='ocrx_word' id='word_1_61' title='bbox 291 1577 409 1637; x_wconf 87' lang='lat' dir='ltr'>invicto</span> <span class='ocrx_word' id='word_1_62' title='bbox 430 1591 508 1635; x_wconf 88' lang='lat' dir='ltr'>suae</span> <span class='ocrx_word' id='word_1_63' title='bbox 530 1571 724 1652; x_wconf 83' lang='lat' dir='ltr'>celsitudinis</span> <span class='ocrx_word' id='word_1_64' title='bbox 745 1569 839 1650; x_wconf 91' lang='lat' dir='ltr'>jussu</span> <span class='ocrx_word' id='word_1_65' title='bbox 860 1590 918 1632; x_wconf 91' lang='lat' dir='ltr'>nos</span> <span class='ocrx_word' id='word_1_66' title='bbox 939 1591 1047 1634; x_wconf 91' lang='lat' dir='ltr'>omnes</span> <span class='ocrx_word' id='word_1_67' title='bbox 1067 1573 1234 1655; x_wconf 61' lang='lat' dir='ltr'>praecipe*</span> 
     </span>
     <span class='ocr_line' id='line_1_16' title="bbox 86 1655 1235 1746; baseline -0.006 -20"><span class='ocrx_word' id='word_1_68' title='bbox 86 1671 136 1727; x_wconf 91' lang='lat' dir='ltr'>ret</span> <span class='ocrx_word' id='word_1_69' title='bbox 165 1661 334 1746; x_wconf 85' lang='lat' dir='ltr'>aggregari</span> <span class='ocrx_word' id='word_1_70' title='bbox 362 1662 393 1720; x_wconf 94' lang='lat' dir='ltr'>in</span> <span class='ocrx_word' id='word_1_71' title='bbox 418 1677 534 1739; x_wconf 83' lang='lat' dir='ltr'>unum,</span> <span class='ocrx_word' id='word_1_72' title='bbox 563 1657 625 1719; x_wconf 90' lang='lat' dir='ltr'>hoe</span> <span class='ocrx_word' id='word_1_73' title='bbox 652 1655 738 1718; x_wconf 85' lang='lat' dir='ltr'>dedit</span> <span class='ocrx_word' id='word_1_74' title='bbox 765 1655 904 1736; x_wconf 86' lang='lat' dir='ltr'>speciale</span> <span class='ocrx_word' id='word_1_75' title='bbox 924 1657 1079 1740; x_wconf 89' lang='lat' dir='ltr'>edietum,</span> <span class='ocrx_word' id='word_1_76' title='bbox 1106 1665 1141 1718; x_wconf 89' lang='lat' dir='ltr'>ut</span> <span class='ocrx_word' id='word_1_77' title='bbox 1161 1658 1235 1738; x_wconf 90' lang='lat' dir='ltr'>quia</span> 
     </span>
     <span class='ocr_line' id='line_1_17' title="bbox 86 1741 1234 1828; baseline -0.006 -17"><span class='ocrx_word' id='word_1_78' title='bbox 86 1751 170 1812; x_wconf 88' lang='lat' dir='ltr'>sieut</span> <span class='ocrx_word' id='word_1_79' title='bbox 199 1747 361 1828; x_wconf 80' lang='lat' dir='ltr'>oportebat</span> <span class='ocrx_word' id='word_1_80' title='bbox 390 1763 446 1826; x_wconf 90' lang='lat' dir='ltr'>pro</span> <span class='ocrx_word' id='word_1_81' title='bbox 474 1751 582 1804; x_wconf 89' lang='lat' dir='ltr'>tantae</span> <span class='ocrx_word' id='word_1_82' title='bbox 612 1742 657 1803; x_wconf 90' lang='lat' dir='ltr'>rei</span> <span class='ocrx_word' id='word_1_83' title='bbox 683 1743 811 1823; x_wconf 88' lang='lat' dir='ltr'>negotio</span> <span class='ocrx_word' id='word_1_84' title='bbox 836 1741 1056 1822; x_wconf 83' lang='lat' dir='ltr'>pertractando</span> <span class='ocrx_word' id='word_1_85' title='bbox 1085 1743 1234 1826; x_wconf 84' lang='lat' dir='ltr'>generale</span> 
     </span>
    </p>
   </div>
   <div class='ocr_carea' id='block_1_11' title="bbox 87 1827 1271 1910">
    <p class='ocr_par' dir='ltr' id='par_1_11' title="bbox 87 1827 1271 1910">
     <span class='ocr_line' id='line_1_18' title="bbox 87 1827 1271 1910; baseline -0.008 -14"><span class='ocrx_word' id='word_1_86' title='bbox 87 1827 252 1896; x_wconf 83' lang='lat' dir='ltr'>concilium</span> <span class='ocrx_word' id='word_1_87' title='bbox 280 1831 346 1892; x_wconf 85' lang='lat' dir='ltr'>lieri</span> <span class='ocrx_word' id='word_1_88' title='bbox 365 1829 453 1890; x_wconf 88' lang='lat' dir='ltr'>varia</span> <span class='ocrx_word' id='word_1_89' title='bbox 474 1827 698 1890; x_wconf 79' lang='lat' dir='ltr'>adversitatum</span> <span class='ocrx_word' id='word_1_90' title='bbox 719 1827 854 1888; x_wconf 83' lang='lat' dir='ltr'>incursio</span> <span class='ocrx_word' id='word_1_91' title='bbox 875 1845 938 1888; x_wconf 93' lang='lat' dir='ltr'>non</span> <span class='ocrx_word' id='word_1_92' title='bbox 958 1831 1092 1910; x_wconf 91' lang='lat' dir='ltr'>sineret,</span> <span class='ocrx_word' id='word_1_93' title='bbox 1120 1829 1233 1888; x_wconf 87' lang='lat' dir='ltr'>saltem</span> <span class='ocrx_word' id='word_1_94' title='bbox 1266 1847 1271 1858; x_wconf 70' lang='grc'><em>“</em></span> 
     </span>
    </p>
   </div>
   <div class='ocr_carea' id='block_1_12' title="bbox 87 1911 1235 2590">
    <p class='ocr_par' dir='ltr' id='par_1_12' title="bbox 87 1911 1235 2590">
     <span class='ocr_line' id='line_1_19' title="bbox 87 1911 1235 1997; baseline -0.009 -15"><span class='ocrx_word' id='word_1_95' title='bbox 87 1919 223 1982; x_wconf 89' lang='lat' dir='ltr'>adunata</span> <span class='ocrx_word' id='word_1_96' title='bbox 251 1935 307 1997; x_wconf 91' lang='lat' dir='ltr'>per</span> <span class='ocrx_word' id='word_1_97' title='bbox 333 1914 512 1996; x_wconf 80' lang='lat' dir='ltr'>provincias</span> <span class='ocrx_word' id='word_1_98' title='bbox 539 1913 673 1975; x_wconf 83' lang='lat' dir='ltr'>eoncilia</span> <span class='ocrx_word' id='word_1_99' title='bbox 696 1911 827 1993; x_wconf 82' lang='lat' dir='ltr'>fierent3</span> <span class='ocrx_word' id='word_1_100' title='bbox 855 1920 888 1973; x_wconf 91' lang='lat' dir='ltr'>et</span> <span class='ocrx_word' id='word_1_101' title='bbox 916 1913 1069 1996; x_wconf 89' lang='lat' dir='ltr'>siqnidem</span> <span class='ocrx_word' id='word_1_102' title='bbox 1095 1913 1148 1976; x_wconf 89' lang='lat' dir='ltr'>hie</span> <span class='ocrx_word' id='word_1_103' title='bbox 1168 1913 1235 1994; x_wconf 92' lang='lat' dir='ltr'>pri-</span> 
     </span>
     <span class='ocr_line' id='line_1_20' title="bbox 88 1995 1235 2080; baseline -0.008 -13"><span class='ocrx_word' id='word_1_104' title='bbox 88 2023 171 2068; x_wconf 89' lang='lat' dir='ltr'>mum</span> <span class='ocrx_word' id='word_1_105' title='bbox 192 2002 322 2065; x_wconf 82' lang='lat' dir='ltr'>anobis</span> <span class='ocrx_word' id='word_1_106' title='bbox 348 2001 379 2060; x_wconf 93' lang='lat' dir='ltr'>in</span> <span class='ocrx_word' id='word_1_107' title='bbox 408 1999 484 2060; x_wconf 91' lang='lat' dir='ltr'>urbe</span> <span class='ocrx_word' id='word_1_108' title='bbox 501 1999 596 2080; x_wconf 83' lang='lat' dir='ltr'>regia</span> <span class='ocrx_word' id='word_1_109' title='bbox 623 1995 764 2080; x_wconf 88' lang='lat' dir='ltr'>synodus</span> <span class='ocrx_word' id='word_1_110' title='bbox 793 2006 954 2080; x_wconf 83' lang='lat' dir='ltr'>ageretur,</span> <span class='ocrx_word' id='word_1_111' title='bbox 982 1999 1094 2060; x_wconf 87' lang='lat' dir='ltr'>deinde</span> <span class='ocrx_word' id='word_1_112' title='bbox 1114 1999 1145 2059; x_wconf 94' lang='lat' dir='ltr'>in</span> <span class='ocrx_word' id='word_1_113' title='bbox 1166 1999 1235 2060; x_wconf 82' lang='lat' dir='ltr'>sin·-</span> 
     </span>
     <span class='ocr_line' id='line_1_21' title="bbox 89 2083 1234 2176; baseline -0.005 -26"><span class='ocrx_word' id='word_1_114' title='bbox 89 2091 172 2176; x_wconf 83' lang='lat' dir='ltr'>gulis</span> <span class='ocrx_word' id='word_1_115' title='bbox 201 2089 374 2170; x_wconf 90' lang='lat' dir='ltr'>quibusque</span> <span class='ocrx_word' id='word_1_116' title='bbox 401 2085 570 2166; x_wconf 81' lang='lat' dir='ltr'>provinciis</span> <span class='ocrx_word' id='word_1_117' title='bbox 596 2083 755 2166; x_wconf 84' lang='lat' dir='ltr'>singulare</span> <span class='ocrx_word' id='word_1_118' title='bbox 775 2083 942 2144; x_wconf 88' lang='lat' dir='ltr'>haberetur</span> <span class='ocrx_word' id='word_1_119' title='bbox 962 2085 1144 2166; x_wconf 87' lang='lat' dir='ltr'>concilium,</span> <span class='ocrx_word' id='word_1_120' title='bbox 1172 2099 1234 2164; x_wconf 91' lang='lat' dir='ltr'>quo</span> 
     </span>
     <span class='ocr_line' id='line_1_22' title="bbox 87 2165 1235 2258; baseline -0.005 -22"><span class='ocrx_word' id='word_1_121' title='bbox 87 2173 234 2258; x_wconf 89' lang='lat' dir='ltr'>quidquid</span> <span class='ocrx_word' id='word_1_122' title='bbox 259 2173 311 2234; x_wconf 89' lang='lat' dir='ltr'>hie</span> <span class='ocrx_word' id='word_1_123' title='bbox 338 2165 453 2232; x_wconf 42' lang='lat' dir='ltr'>aetum*</span> <span class='ocrx_word' id='word_1_124' title='bbox 474 2171 531 2250; x_wconf 84' lang='lat' dir='ltr'>per&#39;</span> <span class='ocrx_word' id='word_1_125' title='bbox 556 2169 741 2230; x_wconf 71' lang='lat' dir='ltr'>&#39;toletanam</span> <span class='ocrx_word' id='word_1_126' title='bbox 768 2168 922 2250; x_wconf 89' lang='lat' dir='ltr'>synodum</span> <span class='ocrx_word' id='word_1_127' title='bbox 942 2171 1051 2251; x_wconf 89' lang='lat' dir='ltr'>reliqui</span> <span class='ocrx_word' id='word_1_128' title='bbox 1070 2170 1235 2250; x_wconf 86' lang='lat' dir='ltr'>primarum</span> 
     </span>
     <span class='ocr_line' id='line_1_23' title="bbox 90 2251 1235 2338; baseline -0.004 -17"><span class='ocrx_word' id='word_1_129' title='bbox 90 2257 210 2322; x_wconf 88' lang='lat' dir='ltr'>sedium</span> <span class='ocrx_word' id='word_1_130' title='bbox 231 2257 392 2338; x_wconf 88' lang='lat' dir='ltr'>praesules</span> <span class='ocrx_word' id='word_1_131' title='bbox 413 2273 539 2316; x_wconf 90' lang='lat' dir='ltr'>suorum</span> <span class='ocrx_word' id='word_1_132' title='bbox 558 2255 742 2315; x_wconf 84' lang='lat' dir='ltr'>vicariorum</span> <span class='ocrx_word' id='word_1_133' title='bbox 761 2255 909 2316; x_wconf 87' lang='lat' dir='ltr'>relatibus</span> <span class='ocrx_word' id='word_1_134' title='bbox 930 2255 1174 2336; x_wconf 82' lang='lat' dir='ltr'>comperissent,</span> <span class='ocrx_word' id='word_1_135' title='bbox 1202 2251 1235 2316; x_wconf 87' lang='lat' dir='ltr'>id</span> 
     </span>
     <span class='ocr_line' id='line_1_24' title="bbox 90 2337 1235 2422; baseline -0.005 -16"><span class='ocrx_word' id='word_1_136' title='bbox 90 2347 185 2406; x_wconf 87' lang='lat' dir='ltr'>etiarn</span> <span class='ocrx_word' id='word_1_137' title='bbox 218 2344 249 2402; x_wconf 92' lang='lat' dir='ltr'>in</span> <span class='ocrx_word' id='word_1_138' title='bbox 281 2341 478 2422; x_wconf 89' lang='lat' dir='ltr'>postmodum</span> <span class='ocrx_word' id='word_1_139' title='bbox 508 2339 569 2420; x_wconf 87' lang='lat' dir='ltr'>ipsi</span> <span class='ocrx_word' id='word_1_140' title='bbox 600 2358 656 2419; x_wconf 92' lang='lat' dir='ltr'>per</span> <span class='ocrx_word' id='word_1_141' title='bbox 687 2338 824 2400; x_wconf 82' lang='lat' dir='ltr'>discreta</span> <span class='ocrx_word' id='word_1_142' title='bbox 855 2337 1094 2419; x_wconf 85' lang='lat' dir='ltr'>provinciarum</span> <span class='ocrx_word' id='word_1_143' title='bbox 1110 2356 1235 2401; x_wconf 82' lang='lat' dir='ltr'>suarum</span> 
     </span>
     <span class='ocr_line' id='line_1_25' title="bbox 90 2422 1235 2510; baseline -0.004 -19"><span class='ocrx_word' id='word_1_144' title='bbox 90 2429 222 2492; x_wconf 86' lang='lat' dir='ltr'>eoncilia</span> <span class='ocrx_word' id='word_1_145' title='bbox 247 2427 465 2506; x_wconf 85' lang='lat' dir='ltr'>observarent,</span> <span class='ocrx_word' id='word_1_146' title='bbox 493 2422 603 2506; x_wconf 79' lang='lat' dir='ltr'>sicq&#39;ne</span> <span class='ocrx_word' id='word_1_147' title='bbox 632 2424 712 2486; x_wconf 89' lang='lat' dir='ltr'>haee</span> <span class='ocrx_word' id='word_1_148' title='bbox 738 2423 845 2510; x_wconf 63' lang='lat' dir='ltr'>nostri¹</span> <span class='ocrx_word' id='word_1_149' title='bbox 864 2425 987 2487; x_wconf 90' lang='lat' dir='ltr'>oonoilii</span> <span class='ocrx_word' id='word_1_150' title='bbox 1008 2433 1102 2508; x_wconf 85' lang='lat' dir='ltr'>gesta</span> <span class='ocrx_word' id='word_1_151' title='bbox 1123 2431 1235 2486; x_wconf 86' lang='lat' dir='ltr'>essent</span> 
     </span>
     <span class='ocr_line' id='line_1_26' title="bbox 89 2508 1234 2590; baseline -0.005 -16"><span class='ocrx_word' id='word_1_152' title='bbox 89 2515 149 2576; x_wconf 89' lang='lat' dir='ltr'>illis</span> <span class='ocrx_word' id='word_1_153' title='bbox 175 2513 315 2574; x_wconf 90' lang='lat' dir='ltr'>omnibus</span> <span class='ocrx_word' id='word_1_154' title='bbox 344 2511 375 2571; x_wconf 89' lang='lat' dir='ltr'>in</span> <span class='ocrx_word' id='word_1_155' title='bbox 403 2517 470 2570; x_wconf 90' lang='lat' dir='ltr'>toto</span> <span class='ocrx_word' id='word_1_156' title='bbox 498 2509 688 2590; x_wconf 89' lang='lat' dir='ltr'>communia,</span> <span class='ocrx_word' id='word_1_157' title='bbox 717 2517 828 2590; x_wconf 88' lang='lat' dir='ltr'>utpote</span> <span class='ocrx_word' id='word_1_158' title='bbox 850 2508 894 2571; x_wconf 88' lang='lat' dir='ltr'>ab</span> <span class='ocrx_word' id='word_1_159' title='bbox 921 2509 999 2590; x_wconf 89' lang='lat' dir='ltr'>ipsis</span> <span class='ocrx_word' id='word_1_160' title='bbox 1027 2509 1112 2571; x_wconf 90' lang='lat' dir='ltr'>edita</span> <span class='ocrx_word' id='word_1_161' title='bbox 1139 2518 1234 2590; x_wconf 88' lang='lat' dir='ltr'>atque</span> 
     </span>
    </p>
   </div>
   <div class='ocr_carea' id='block_1_13' title="bbox 90 2595 1286 2682">
    <p class='ocr_par' dir='ltr' id='par_1_13' title="bbox 90 2595 1286 2682">
     <span class='ocr_line' id='line_1_27' title="bbox 90 2595 1286 2682; baseline -0.004 -21"><span class='ocrx_word' id='word_1_162' title='bbox 90 2601 167 2682; x_wconf 90' lang='lat' dir='ltr'>ipsis</span> <span class='ocrx_word' id='word_1_163' title='bbox 203 2615 306 2659; x_wconf 89' lang='lat' dir='ltr'>eoram</span> <span class='ocrx_word' id='word_1_164' title='bbox 334 2595 446 2676; x_wconf 91' lang='lat' dir='ltr'>positis</span> <span class='ocrx_word' id='word_1_165' title='bbox 474 2595 640 2675; x_wconf 90' lang='lat' dir='ltr'>roborata,</span> <span class='ocrx_word' id='word_1_166' title='bbox 672 2613 757 2676; x_wconf 87' lang='lat' dir='ltr'>quae</span> <span class='ocrx_word' id='word_1_167' title='bbox 781 2595 890 2674; x_wconf 86' lang='lat' dir='ltr'>utique</span> <span class='ocrx_word' id='word_1_168' title='bbox 916 2615 973 2676; x_wconf 93' lang='lat' dir='ltr'>per</span> <span class='ocrx_word' id='word_1_169' title='bbox 1000 2595 1125 2678; x_wconf 86' lang='lat' dir='ltr'>legatos</span> <span class='ocrx_word' id='word_1_170' title='bbox 1157 2611 1234 2656; x_wconf 87' lang='lat' dir='ltr'>suos</span> <span class='ocrx_word' id='word_1_171' title='bbox 1281 2633 1286 2640; x_wconf 91' lang='lat'>·</span> 
     </span>
    </p>
   </div>
   <div class='ocr_carea' id='block_1_14' title="bbox 6 2678 1239 3428">
    <p class='ocr_par' dir='ltr' id='par_1_14' title="bbox 89 2678 1235 2762">
     <span class='ocr_line' id='line_1_28' title="bbox 89 2678 1235 2762; baseline -0.007 -14"><span class='ocrx_word' id='word_1_172' title='bbox 89 2681 296 2748; x_wconf 84' lang='lat' dir='ltr'>confirmanda</span> <span class='ocrx_word' id='word_1_173' title='bbox 317 2681 530 2762; x_wconf 87' lang='lat' dir='ltr'>decreverant,</span> <span class='ocrx_word' id='word_1_174' title='bbox 546 2699 607 2760; x_wconf 90' lang='lat' dir='ltr'>qno</span> <span class='ocrx_word' id='word_1_175' title='bbox 627 2697 668 2740; x_wconf 88' lang='lat' dir='ltr'>ex</span> <span class='ocrx_word' id='word_1_176' title='bbox 688 2679 750 2742; x_wconf 88' lang='lat' dir='ltr'>hoe</span> <span class='ocrx_word' id='word_1_177' title='bbox 770 2699 865 2742; x_wconf 90' lang='lat' dir='ltr'>unum</span> <span class='ocrx_word' id='word_1_178' title='bbox 887 2689 920 2742; x_wconf 89' lang='lat' dir='ltr'>et</span> <span class='ocrx_word' id='word_1_179' title='bbox 939 2679 1124 2742; x_wconf 86' lang='lat' dir='ltr'>indrvrsrhrle</span> <span class='ocrx_word' id='word_1_180' title='bbox 1144 2678 1235 2740; x_wconf 89' lang='lat' dir='ltr'>fieret</span> 
     </span>
    </p>

    <p class='ocr_par' dir='ltr' id='par_1_15' title="bbox 6 2763 1239 3186">
     <span class='ocr_line' id='line_1_29' title="bbox 6 2763 1234 2847; baseline -0.007 -14"><span class='ocrx_word' id='word_1_181' title='bbox 6 2763 9 2768; x_wconf 62' lang='grc'>’</span> <span class='ocrx_word' id='word_1_182' title='bbox 89 2765 268 2834; x_wconf 84' lang='lat' dir='ltr'>¹cunctorum</span> <span class='ocrx_word' id='word_1_183' title='bbox 302 2767 511 2846; x_wconf 89' lang='lat' dir='ltr'>Hispanorum</span> <span class='ocrx_word' id='word_1_184' title='bbox 542 2765 720 2846; x_wconf 89' lang='lat' dir='ltr'>praesulum</span> <span class='ocrx_word' id='word_1_185' title='bbox 755 2785 811 2846; x_wconf 92' lang='lat' dir='ltr'>per</span> <span class='ocrx_word' id='word_1_186' title='bbox 844 2774 942 2828; x_wconf 89' lang='lat' dir='ltr'>totam</span> <span class='ocrx_word' id='word_1_187' title='bbox 972 2767 1155 2847; x_wconf 88' lang='lat' dir='ltr'>Hispaniam</span> <span class='ocrx_word' id='word_1_188' title='bbox 1180 2763 1234 2826; x_wconf 92' lang='lat' dir='ltr'>vel</span> 
     </span>
     <span class='ocr_line' id='line_1_30' title="bbox 89 2845 1235 2935; baseline -0.004 -17"><span class='ocrx_word' id='word_1_189' title='bbox 89 2845 223 2920; x_wconf 84' lang='lat' dir='ltr'>Galliam</span> <span class='ocrx_word' id='word_1_190' title='bbox 251 2851 402 2935; x_wconf 86' lang='lat' dir='ltr'>synodale</span> <span class='ocrx_word' id='word_1_191' title='bbox 430 2850 588 2931; x_wconf 84' lang='lat' dir='ltr'>edictum,</span> <span class='ocrx_word' id='word_1_192' title='bbox 615 2869 656 2910; x_wconf 89' lang='lat' dir='ltr'>ex</span> <span class='ocrx_word' id='word_1_193' title='bbox 686 2869 746 2930; x_wconf 92' lang='lat' dir='ltr'>quo</span> <span class='ocrx_word' id='word_1_194' title='bbox 775 2852 909 2913; x_wconf 90' lang='lat' dir='ltr'>omnium</span> <span class='ocrx_word' id='word_1_195' title='bbox 932 2851 1235 2931; x_wconf 89' lang='lat' dir='ltr'>metropolitanorum</span> 
     </span>
     <span class='ocr_line' id='line_1_31' title="bbox 88 2935 1236 3020; baseline -0.003 -19"><span class='ocrx_word' id='word_1_196' title='bbox 88 2941 202 3002; x_wconf 86' lang='lat' dir='ltr'>luisset</span> <span class='ocrx_word' id='word_1_197' title='bbox 229 2947 262 2999; x_wconf 90' lang='lat' dir='ltr'>et</span> <span class='ocrx_word' id='word_1_198' title='bbox 290 2936 474 2998; x_wconf 89' lang='lat' dir='ltr'>assensibus</span> <span class='ocrx_word' id='word_1_199' title='bbox 503 2935 741 3018; x_wconf 84' lang='lat' dir='ltr'>promulgatum.</span> <span class='ocrx_word' id='word_1_200' title='bbox 787 2937 858 3020; x_wconf 83' lang='lat' dir='ltr'>Nos</span> <span class='ocrx_word' id='word_1_201' title='bbox 881 2935 1009 3018; x_wconf 89' lang='lat' dir='ltr'>proinde</span> <span class='ocrx_word' id='word_1_202' title='bbox 1032 2937 1236 3018; x_wconf 85' lang='lat' dir='ltr'>Carthaginis</span> 
     </span>
     <span class='ocr_line' id='line_1_32' title="bbox 88 3019 1239 3106; baseline -0.004 -20"><span class='ocrx_word' id='word_1_203' title='bbox 88 3023 267 3106; x_wconf 89' lang='lat' dir='ltr'>provinciae</span> <span class='ocrx_word' id='word_1_204' title='bbox 294 3019 456 3101; x_wconf 89' lang='lat' dir='ltr'>praesules</span> <span class='ocrx_word' id='word_1_205' title='bbox 483 3039 563 3081; x_wconf 90' lang='lat' dir='ltr'>anno</span> <span class='ocrx_word' id='word_1_206' title='bbox 597 3039 658 3102; x_wconf 91' lang='lat' dir='ltr'>quo</span> <span class='ocrx_word' id='word_1_207' title='bbox 685 3037 779 3101; x_wconf 84' lang='lat' dir='ltr'>supra</span> <span class='ocrx_word' id='word_1_208' title='bbox 806 3023 865 3083; x_wconf 91' lang='lat' dir='ltr'>sub</span> <span class='ocrx_word' id='word_1_209' title='bbox 892 3021 942 3083; x_wconf 91' lang='lat' dir='ltr'>die</span> <span class='ocrx_word' id='word_1_210' title='bbox 969 3021 1089 3086; x_wconf 84' lang='lat' dir='ltr'>decimo</span> <span class='ocrx_word' id='word_1_211' title='bbox 1120 3030 1239 3103; x_wconf 80' lang='lat' dir='ltr'>oetavq</span> 
     </span>
     <span class='ocr_line' id='line_1_33' title="bbox 89 3105 1236 3186; baseline -0.003 -15"><span class='ocrx_word' id='word_1_212' title='bbox 89 3108 249 3172; x_wconf 85' lang='lat' dir='ltr'>Kalendas</span> <span class='ocrx_word' id='word_1_213' title='bbox 266 3105 448 3166; x_wconf 85' lang='lat' dir='ltr'>Decembris</span> <span class='ocrx_word' id='word_1_214' title='bbox 468 3105 499 3165; x_wconf 91' lang='lat' dir='ltr'>in</span> <span class='ocrx_word' id='word_1_215' title='bbox 519 3116 766 3186; x_wconf 87' lang='lat' dir='ltr'>praememorata</span> <span class='ocrx_word' id='word_1_216' title='bbox 786 3107 925 3168; x_wconf 85' lang='lat' dir='ltr'>eeclesia</span> <span class='ocrx_word' id='word_1_217' title='bbox 945 3105 1057 3170; x_wconf 87' lang='lat' dir='ltr'>debitis</span> <span class='ocrx_word' id='word_1_218' title='bbox 1078 3105 1236 3168; x_wconf 85' lang='lat' dir='ltr'>ordinibus</span> 
     </span>
    </p>

    <p class='ocr_par' dir='ltr' id='par_1_16' title="bbox 65 3187 1237 3428">
     <span class='ocr_line' id='line_1_34' title="bbox 65 3187 1237 3276; baseline -0.003 -20"><span class='ocrx_word' id='word_1_219' title='bbox 65 3205 70 3216; x_wconf 90' lang='grc'><em>·</em></span> <span class='ocrx_word' id='word_1_220' title='bbox 89 3193 289 3257; x_wconf 88' lang='lat' dir='ltr'>considentes</span> <span class='ocrx_word' id='word_1_221' title='bbox 308 3209 424 3253; x_wconf 88' lang='lat' dir='ltr'>causae</span> <span class='ocrx_word' id='word_1_222' title='bbox 440 3189 533 3271; x_wconf 87' lang='lat' dir='ltr'>hujus</span> <span class='ocrx_word' id='word_1_223' title='bbox 550 3187 687 3253; x_wconf 81' lang='lat' dir='ltr'>oidinem</span> <span class='ocrx_word' id='word_1_224' title='bbox 705 3201 737 3252; x_wconf 89' lang='lat' dir='ltr'>et</span> <span class='ocrx_word' id='word_1_225' title='bbox 752 3192 850 3253; x_wconf 84' lang='lat' dir='ltr'>totius</span> <span class='ocrx_word' id='word_1_226' title='bbox 871 3194 916 3254; x_wconf 90' lang='lat' dir='ltr'>rei</span> <span class='ocrx_word' id='word_1_227' title='bbox 935 3193 1064 3276; x_wconf 87' lang='lat' dir='ltr'>negotia</span> <span class='ocrx_word' id='word_1_228' title='bbox 1084 3201 1237 3253; x_wconf 89' lang='lat' dir='ltr'>retexen-</span> 
     </span>
     <span class='ocr_line' id='line_1_35' title="bbox 88 3275 1236 3361; baseline -0.004 -18"><span class='ocrx_word' id='word_1_229' title='bbox 88 3291 156 3361; x_wconf 85' lang='lat' dir='ltr'>tes,</span> <span class='ocrx_word' id='word_1_230' title='bbox 178 3279 289 3360; x_wconf 82' lang='lat' dir='ltr'>quibus</span> <span class='ocrx_word' id='word_1_231' title='bbox 310 3277 470 3339; x_wconf 85' lang='lat' dir='ltr'>Romanae</span> <span class='ocrx_word' id='word_1_232' title='bbox 491 3275 579 3339; x_wconf 92' lang='lat' dir='ltr'>sedis</span> <span class='ocrx_word' id='word_1_233' title='bbox 599 3277 755 3339; x_wconf 87' lang='lat' dir='ltr'>fueramus</span> <span class='ocrx_word' id='word_1_234' title='bbox 775 3277 1035 3359; x_wconf 79' lang='lat' dir='ltr'>literIs-invitati,</span> <span class='ocrx_word' id='word_1_235' title='bbox 1057 3277 1106 3340; x_wconf 90' lang='lat' dir='ltr'>sie</span> <span class='ocrx_word' id='word_1_236' title='bbox 1126 3275 1236 3360; x_wconf 88' lang='lat' dir='ltr'>patula</span> 
     </span>
     <span class='ocr_line' id='line_1_36' title="bbox 88 3361 715 3428; baseline -0.011 1"><span class='ocrx_word' id='word_1_237' title='bbox 88 3375 121 3428; x_wconf 91' lang='lat' dir='ltr'>et</span> <span class='ocrx_word' id='word_1_238' title='bbox 142 3361 295 3428; x_wconf 82' lang='lat' dir='ltr'>communi</span> <span class='ocrx_word' id='word_1_239' title='bbox 315 3381 424 3425; x_wconf 89' lang='lat' dir='ltr'>sumus</span> <span class='ocrx_word' id='word_1_240' title='bbox 444 3381 526 3425; x_wconf 84' lang='lat' dir='ltr'>voce</span> <span class='ocrx_word' id='word_1_241' title='bbox 549 3364 662 3425; x_wconf 86' lang='lat' dir='ltr'>exorsi.</span> <span class='ocrx_word' id='word_1_242' title='bbox 711 3367 715 3384; x_wconf 71' lang='lat'>¹</span> 
     </span>
    </p>
   </div>
   <div class='ocr_carea' id='block_1_15' title="bbox 47 3573 1236 4168">
    <p class='ocr_par' dir='ltr' id='par_1_17' title="bbox 47 3573 1236 4168">
     <span class='ocr_line' id='line_1_37' title="bbox 118 3573 1236 3657; baseline 0.003 -23"><span class='ocrx_word' id='word_1_243' title='bbox 118 3617 122 3634; x_wconf 87' lang='lat'>.</span> <span class='ocrx_word' id='word_1_244' title='bbox 174 3576 270 3642; x_wconf 82' lang='lat' dir='ltr'>Clara</span> <span class='ocrx_word' id='word_1_245' title='bbox 290 3575 396 3638; x_wconf 74' lang='lat' dir='ltr'>omnis:</span> <span class='ocrx_word' id='word_1_246' title='bbox 409 3575 495 3637; x_wconf 84' lang='lat' dir='ltr'>notio</span> <span class='ocrx_word' id='word_1_247' title='bbox 515 3573 649 3655; x_wconf 84' lang='lat' dir='ltr'>populos</span> <span class='ocrx_word' id='word_1_248' title='bbox 668 3573 842 3656; x_wconf 85' lang='lat' dir='ltr'>Hispaniae</span> <span class='ocrx_word' id='word_1_249' title='bbox 863 3575 990 3656; x_wconf 82' lang='lat' dir='ltr'>implet,</span> <span class='ocrx_word' id='word_1_250' title='bbox 1017 3573 1100 3657; x_wconf 91' lang='lat' dir='ltr'>qnod</span> <span class='ocrx_word' id='word_1_251' title='bbox 1121 3573 1236 3637; x_wconf 84' lang='lat' dir='ltr'>decur-</span> 
     </span>
     <span class='ocr_line' id='line_1_38' title="bbox 89 3659 1235 3742; baseline -0.003 -18"><span class='ocrx_word' id='word_1_252' title='bbox 89 3661 187 3724; x_wconf 78' lang='lat' dir='ltr'>rentis</span> <span class='ocrx_word' id='word_1_253' title='bbox 219 3660 338 3723; x_wconf 84' lang='lat' dir='ltr'>evoluti</span> <span class='ocrx_word' id='word_1_254' title='bbox 374 3659 522 3739; x_wconf 78' lang='lat' dir='ltr'>temporis</span> <span class='ocrx_word' id='word_1_255' title='bbox 555 3661 636 3720; x_wconf 89' lang='lat' dir='ltr'>serie</span> <span class='ocrx_word' id='word_1_256' title='bbox 658 3679 727 3739; x_wconf 40' lang='lat' dir='ltr'>,per</span> <span class='ocrx_word' id='word_1_257' title='bbox 755 3659 889 3724; x_wconf 76' lang='lat' dir='ltr'>Romani</span> <span class='ocrx_word' id='word_1_258' title='bbox 917 3662 1071 3742; x_wconf 84' lang='lat' dir='ltr'>praesulis</span> <span class='ocrx_word' id='word_1_259' title='bbox 1099 3659 1235 3738; x_wconf 71' lang='lat' dir='ltr'>bajulum</span> 
     </span>
     <span class='ocr_line' id='line_1_39' title="bbox 87 3743 1236 3829; baseline -0.003 -22"><span class='ocrx_word' id='word_1_260' title='bbox 87 3755 184 3829; x_wconf 79' lang='lat' dir='ltr'>gesta</span> <span class='ocrx_word' id='word_1_261' title='bbox 209 3743 374 3827; x_wconf 84' lang='lat' dir='ltr'>synodalia</span> <span class='ocrx_word' id='word_1_262' title='bbox 401 3744 549 3809; x_wconf 86' lang='lat' dir='ltr'>sooietati</span> <span class='ocrx_word' id='word_1_263' title='bbox 576 3752 704 3806; x_wconf 86' lang='lat' dir='ltr'>nostrae</span> <span class='ocrx_word' id='word_1_264' title='bbox 730 3744 984 3826; x_wconf 71' lang='lat' dir='ltr'>advectabunt,</span> <span class='ocrx_word' id='word_1_265' title='bbox 1012 3747 1125 3826; x_wconf 85' lang='lat' dir='ltr'>quibus</span> <span class='ocrx_word' id='word_1_266' title='bbox 1146 3743 1236 3814; x_wconf 83' lang='lat' dir='ltr'>Con·-¹</span> 
     </span>
     <span class='ocr_line' id='line_1_40' title="bbox 86 3829 1235 3911; baseline -0.003 -17"><span class='ocrx_word' id='word_1_267' title='bbox 86 3831 317 3910; x_wconf 87' lang='lat' dir='ltr'>stantinopolirn</span> <span class='ocrx_word' id='word_1_268' title='bbox 345 3830 553 3896; x_wconf 84' lang='lat' dir='ltr'>Constantino</span> <span class='ocrx_word' id='word_1_269' title='bbox 587 3831 638 3908; x_wconf 85' lang='lat' dir='ltr'>pro</span> <span class='ocrx_word' id='word_1_270' title='bbox 675 3836 709 3890; x_wconf 88' lang='lat' dir='ltr'>et</span> <span class='ocrx_word' id='word_1_271' title='bbox 734 3829 882 3909; x_wconf 83' lang='lat' dir='ltr'>religioso</span> <span class='ocrx_word' id='word_1_272' title='bbox 910 3831 1049 3911; x_wconf 78' lang='lat' dir='ltr'>principe</span> <span class='ocrx_word' id='word_1_273' title='bbox 1077 3829 1235 3892; x_wconf 85' lang='lat' dir='ltr'>mediante</span> 
     </span>
     <span class='ocr_line' id='line_1_41' title="bbox 47 3913 1236 3998; baseline -0.002 -20"><span class='ocrx_word' id='word_1_274' title='bbox 47 3927 68 3980; x_wconf 73' lang='lat'>².</span> <span class='ocrx_word' id='word_1_275' title='bbox 84 3935 201 3998; x_wconf 83' lang='lat' dir='ltr'>magna</span> <span class='ocrx_word' id='word_1_276' title='bbox 222 3925 256 3976; x_wconf 90' lang='lat' dir='ltr'>et</span> <span class='ocrx_word' id='word_1_277' title='bbox 275 3915 398 3977; x_wconf 88' lang='lat' dir='ltr'>sublimi</span> <span class='ocrx_word' id='word_1_278' title='bbox 418 3915 509 3994; x_wconf 90' lang='lat' dir='ltr'>eopia</span> <span class='ocrx_word' id='word_1_279' title='bbox 530 3922 708 3995; x_wconf 83' lang='lat' dir='ltr'>aggregata</span> <span class='ocrx_word' id='word_1_280' title='bbox 726 3913 907 3992; x_wconf 80' lang='lat' dir='ltr'>pontificum</span> <span class='ocrx_word' id='word_1_281' title='bbox 919 3915 1107 3997; x_wconf 87' lang='lat' dir='ltr'>Apollinaris</span> <span class='ocrx_word' id='word_1_282' title='bbox 1120 3913 1236 3996; x_wconf 86' lang='lat' dir='ltr'>dogma</span> 
     </span>
     <span class='ocr_line' id='line_1_42' title="bbox 85 3998 1236 4083; baseline -0.004 -19"><span class='ocrx_word' id='word_1_283' title='bbox 85 4001 297 4080; x_wconf 83' lang='lat' dir='ltr'>oomperimus·</span> <span class='ocrx_word' id='word_1_284' title='bbox 312 4001 412 4066; x_wconf 79' lang='lat' dir='ltr'>firisae</span> <span class='ocrx_word' id='word_1_285' title='bbox 433 3999 646 4063; x_wconf 78' lang='lat' dir='ltr'>destructum:</span> <span class='ocrx_word' id='word_1_286' title='bbox 678 4015 749 4062; x_wconf 88' lang='lat' dir='ltr'>eum</span> <span class='ocrx_word' id='word_1_287' title='bbox 776 3999 889 4079; x_wconf 86' lang='lat' dir='ltr'>quibus</span> <span class='ocrx_word' id='word_1_288' title='bbox 911 4004 1005 4067; x_wconf 87' lang='lat' dir='ltr'>etiam</span> <span class='ocrx_word' id='word_1_289' title='bbox 1023 3998 1128 4083; x_wconf 80' lang='lat' dir='ltr'>gestis</span> <span class='ocrx_word' id='word_1_290' title='bbox 1143 4001 1236 4066; x_wconf 77' lang='lat' dir='ltr'>Leo-</span> 
     </span>
     <span class='ocr_line' id='line_1_43' title="bbox 85 4083 1236 4168; baseline -0.003 -18"><span class='ocrx_word' id='word_1_291' title='bbox 85 4088 137 4150; x_wconf 82' lang='lat' dir='ltr'>nis</span> <span class='ocrx_word' id='word_1_292' title='bbox 157 4105 280 4168; x_wconf 79' lang='lat' dir='ltr'>quaque</span> <span class='ocrx_word' id='word_1_293' title='bbox 300 4086 449 4165; x_wconf 78' lang='lat' dir='ltr'>autiquae</span> <span class='ocrx_word' id='word_1_294' title='bbox 472 4083 594 4150; x_wconf 85' lang='lat' dir='ltr'>Rornae</span> <span class='ocrx_word' id='word_1_295' title='bbox 620 4083 778 4165; x_wconf 70' lang='lat' dir='ltr'>pontiacis</span> <span class='ocrx_word' id='word_1_296' title='bbox 803 4087 982 4155; x_wconf 76' lang='lat' dir='ltr'>mutatoria</span> <span class='ocrx_word' id='word_1_297' title='bbox 995 4084 1029 4164; x_wconf 85' lang='lat'>²)</span> <span class='ocrx_word' id='word_1_298' title='bbox 1059 4085 1236 4167; x_wconf 69' lang='lat' dir='ltr'>epistolaria</span> 
     </span>
    </p>
   </div>
   <div class='ocr_carea' id='block_1_16' title="bbox 84 4169 1347 4261">
    <p class='ocr_par' dir='ltr' id='par_1_18' title="bbox 84 4169 1347 4261">
     <span class='ocr_line' id='line_1_44' title="bbox 84 4169 1347 4261; baseline 0.003 -27"><span class='ocrx_word' id='word_1_299' title='bbox 84 4173 206 4254; x_wconf 83' lang='lat' dir='ltr'>gratiae</span> <span class='ocrx_word' id='word_1_300' title='bbox 232 4171 378 4238; x_wconf 77' lang='lat' dir='ltr'>eorasulta</span> <span class='ocrx_word' id='word_1_301' title='bbox 405 4169 622 4251; x_wconf 77' lang='lat' dir='ltr'>suseephnus,</span> <span class='ocrx_word' id='word_1_302' title='bbox 650 4189 708 4252; x_wconf 86' lang='lat' dir='ltr'>per</span> <span class='ocrx_word' id='word_1_303' title='bbox 729 4187 818 4251; x_wconf 63' lang='lat' dir='ltr'>,qaae</span> <span class='ocrx_word' id='word_1_304' title='bbox 847 4173 948 4237; x_wconf 82' lang='lat' dir='ltr'>omnis</span> <span class='ocrx_word' id='word_1_305' title='bbox 972 4171 1046 4237; x_wconf 91' lang='lat' dir='ltr'>ordo</span> <span class='ocrx_word' id='word_1_306' title='bbox 1073 4179 1236 4254; x_wconf 76' lang='lat' dir='ltr'>gestorum</span> <span class='ocrx_word' id='word_1_307' title='bbox 1311 4188 1347 4261; x_wconf 51' lang='lat' dir='ltr'><em>j</em></span> 
     </span>
    </p>
   </div>
   <div class='ocr_carea' id='block_1_17' title="bbox 65 4353 1236 4562">
    <p class='ocr_par' dir='ltr' id='par_1_19' title="bbox 65 4353 1242 4562">
     <span class='ocr_line' id='line_1_45' title="bbox 100 4353 1148 4490; baseline 0.001 -17"><span class='ocrx_word' id='word_1_308' title='bbox 100 4353 1148 4490; x_wconf 50' lang='lat' dir='ltr'>’autumat</span> 
     </span>
     <span class='ocr_line' id='line_1_46' title="bbox 65 4490 1236 4562; baseline 0.002 -20"><span class='ocrx_word' id='word_1_309' title='bbox 65 4515 75 4524; x_wconf 88' lang='lat'>·</span> <span class='ocrx_word' id='word_1_310' title='bbox 152 4493 203 4542; x_wconf 81' lang='lat' dir='ltr'>riis</span> <span class='ocrx_word' id='word_1_311' title='bbox 219 4493 342 4544; x_wconf 84' lang='lat' dir='ltr'>blansi.</span> <span class='ocrx_word' id='word_1_312' title='bbox 368 4521 404 4532; x_wconf 88' lang='lat'>-</span> <span class='ocrx_word' id='word_1_313' title='bbox 430 4493 514 4545; x_wconf 77' lang='lat' dir='ltr'>Deest</span> <span class='ocrx_word' id='word_1_314' title='bbox 530 4491 581 4545; x_wconf 88' lang='lat' dir='ltr'>hoe</span> <span class='ocrx_word' id='word_1_315' title='bbox 597 4491 736 4544; x_wconf 75' lang='lat' dir='ltr'>eonsilium</span> <span class='ocrx_word' id='word_1_316' title='bbox 752 4490 780 4542; x_wconf 87' lang='lat' dir='ltr'>in</span> <span class='ocrx_word' id='word_1_317' title='bbox 798 4492 830 4544; x_wconf 76' lang='lat' dir='ltr'>A.</span> <span class='ocrx_word' id='word_1_318' title='bbox 848 4491 894 4543; x_wconf 81' lang='lat' dir='ltr'>AE.</span> <span class='ocrx_word' id='word_1_319' title='bbox 910 4490 994 4554; x_wconf 67' lang='lat' dir='ltr'>aa,</span> <span class='ocrx_word' id='word_1_320' title='bbox 1012 4493 1177 4562; x_wconf 75' lang='lat' dir='ltr'>desumptum</span> <span class='ocrx_word' id='word_1_321' title='bbox 1194 4495 1236 4544; x_wconf 79' lang='lat' dir='ltr'>eal</span> 
     </span>
    </p>
   </div>
   <div class='ocr_carea' id='block_1_18' title="bbox 151 4559 1236 4702">
    <p class='ocr_par' dir='ltr' id='par_1_20' title="bbox 151 4559 1236 4702">
     <span class='ocr_line' id='line_1_47' title="bbox 151 4559 1236 4622; baseline 0.002 -10"><span class='ocrx_word' id='word_1_322' title='bbox 151 4577 188 4612; x_wconf 83' lang='lat' dir='ltr'>ex</span> <span class='ocrx_word' id='word_1_323' title='bbox 208 4560 265 4616; x_wconf 75' lang='lat' dir='ltr'>BR.</span> <span class='ocrx_word' id='word_1_324' title='bbox 288 4577 350 4619; x_wconf 78' lang='lat' dir='ltr'>eam</span> <span class='ocrx_word' id='word_1_325' title='bbox 370 4561 533 4619; x_wconf 75' lang='lat' dir='ltr'>variantibus</span> <span class='ocrx_word' id='word_1_326' title='bbox 557 4567 704 4614; x_wconf 74' lang='lat' dir='ltr'>ceterorum</span> <span class='ocrx_word' id='word_1_327' title='bbox 728 4559 894 4622; x_wconf 73' lang='lat' dir='ltr'>lectionibus·</span> <span class='ocrx_word' id='word_1_328' title='bbox 932 4562 1004 4614; x_wconf 85' lang='lat' dir='ltr'>Nata</span> <span class='ocrx_word' id='word_1_329' title='bbox 1019 4561 1159 4620; x_wconf 66' lang='lat' dir='ltr'>waeran</span> <span class='ocrx_word' id='word_1_330' title='bbox 1173 4563 1236 4615; x_wconf 83' lang='lat' dir='ltr'>eall.</span> 
     </span>
     <span class='ocr_line' id='line_1_48' title="bbox 152 4629 1178 4702; baseline 0 -20"><span class='ocrx_word' id='word_1_331' title='bbox 152 4629 230 4700; x_wconf 82' lang='lat' dir='ltr'>Hirp.</span> <span class='ocrx_word' id='word_1_332' title='bbox 271 4661 307 4674; x_wconf 93' lang='lat'><em>-</em></span> <span class='ocrx_word' id='word_1_333' title='bbox 353 4632 383 4700; x_wconf 79' lang='lat'>²)</span> <span class='ocrx_word' id='word_1_334' title='bbox 401 4634 550 4686; x_wconf 76' lang='lat' dir='ltr'>invitatorio</span> <span class='ocrx_word' id='word_1_335' title='bbox 567 4632 605 4684; x_wconf 88' lang='lat' dir='ltr'>M.</span> <span class='ocrx_word' id='word_1_336' title='bbox 632 4661 667 4676; x_wconf 91' lang='lat'>-</span> <span class='ocrx_word' id='word_1_337' title='bbox 693 4629 796 4686; x_wconf 83' lang='lat' dir='ltr'>Leo-ll.</span> <span class='ocrx_word' id='word_1_338' title='bbox 813 4645 883 4702; x_wconf 72' lang='lat' dir='ltr'>papa</span> <span class='ocrx_word' id='word_1_339' title='bbox 900 4644 925 4686; x_wconf 86' lang='lat' dir='ltr'>a.</span> <span class='ocrx_word' id='word_1_340' title='bbox 939 4631 1002 4690; x_wconf 77' lang='grc'><strong>682.</strong></span> <span class='ocrx_word' id='word_1_341' title='bbox 1038 4657 1072 4676; x_wconf 68' lang='grc' dir='ltr'>ι·-</span> <span class='ocrx_word' id='word_1_342' title='bbox 1175 4658 1178 4667; x_wconf 90' lang='lat'>·</span> 
     </span>
    </p>
   </div>
   <div class='ocr_carea' id='block_1_19' title="bbox 0 0 1444 5050">
    <p class='ocr_par' dir='ltr' id='par_1_21' title="bbox 0 0 1444 5050">
     <span class='ocr_line' id='line_1_49' title="bbox 0 0 1444 5050; baseline 0 0"><span class='ocrx_word' id='word_1_343' title='bbox 0 0 1444 5050; x_wconf 95' lang='lat' dir='ltr'> </span> 
     </span>
    </p>
   </div>
  </div>
 </body>
</html>
