2912 5060
218 269 283 362 'ato
329 307 334 322 a
396 273 399 284 '
496 279 736 354 concuruu
758 279 1028 348 'amuranus
1050 269 1097 342 v:

216 455 364 540 principis
399 457 497 522 nostri
530 453 700 522 Cbintilani
715 452 749 532 ²)
789 451 876 535 regis
896 449 1015 536 uiuida,
1054 448 1097 512 ob
1126 445 1219 528 crjtts
1252 446 1375 545 saluus

217 552 251 611 et
271 542 429 606 felicitatis
451 541 657 606 constantiam
677 555 843 619 supernam
864 538 1059 619 imploramus
1081 533 1293 613 clementiam,
1316 552 1374 613 qur

193 683 195 694 ,
217 625 443 704 inmediunss]
460 627 558 694 nostri
574 635 686 693 coetus
706 625 869 707 ingressus
890 641 961 690 cum
981 621 1181 703 optimatibus
1203 626 1237 682 et
1256 619 1374 683 senio·

218 714 303 775 ribus
335 713 441 793 palatii
474 713 523 773 sui
547 711 681 791 supplex
700 729 738 772 se
760 709 893 770 omnium
915 709 1102 771 orationibus
1124 703 1373 785 commendavit,

216 815 356 880 suosque
378 797 489 860 fideles
510 798 554 860 ita
573 797 679 860 lacere
699 803 812 858 sancta
832 795 1046 858 exhortatione
1056 791 1092 870 ⁸)
1118 791 1225 874 coegit
1231 800 1245 872 ,'
1269 799 1372 870 atque

217 884 299 948 harre
324 883 565 962 institutionem,
594 899 687 964 quam
713 898 754 944 ex
775 888 943 960 praecepto
964 878 1034 961 ejus
1055 887 1089 942 ct
1108 875 1236 942 decreto
1257 883 1371 940 nostro

156 1020 158 1026 .
179 1012 182 1018 =
216 969 389 1050 amemus,
411 967 517 1034 divina
536 967 735 1048 inspiratione
756 963 915 1046 praemisit
926 964 970 1041 ⁴).

302 1137 434 1202 Scilicet
454 1145 496 1198 ut
521 1138 552 1200 in
580 1143 694 1198 cuncto
720 1151 818 1218 regna
838 1152 859 1196 a
879 1131 939 1198 deo
960 1134 1019 1200 sibi
1040 1149 1203 1198 concesso⁴
1215 1131 1369 1212 specialis

217 1233 251 1288 et
276 1223 399 1304 propria
424 1222 506 1286 haec
532 1221 679 1303 religiosa
704 1221 787 1282 omni
816 1228 954 1300 tempore
984 1227 1128 1282 teneatur
1156 1218 1368 1298 observantia,

217 1317 253 1374 ut
278 1327 298 1370 a
324 1309 374 1374 die
406 1308 514 1372 Iduum
546 1306 763 1370 Decembrium
796 1305 922 1368 litaniae
949 1305 1050 1370 triduo
1076 1303 1190 1384 ubique
1200 1303 1234 1382 ⁵)
1264 1321 1369 1368 annua

216 1395 422 1458 successione
451 1401 639 1475 peragantur
665 1401 698 1454 et
724 1389 918 1474 indulgentia
937 1387 1119 1454 delictorum
1138 1390 1285 1470 lacrymis
1304 1387 1369 1450 inr-

216 1487 375 1561 petretur3
399 1477 483 1560 quod
505 1479 533 1542 si
554 1478 623 1542 dies
644 1477 799 1542 dominica
820 1477 1047 1558 intercesserit,
1068 1475 1099 1538 in
1120 1475 1266 1556 sequenti
1284 1473 1368 1536 beb-

216 1564 349 1628 domada
373 1563 583 1644 celebrentur,
610 1571 646 1626 ut
672 1564 816 1648 qnoniam
845 1561 1021 1626 abundante
1047 1561 1209 1642 iniquitate
1230 1569 1264 1622 et
1285 1557 1369 1622 defi-

215 1649 320 1712 ciente
349 1650 480 1712 caritate
507 1667 546 1710 eo
573 1665 674 1730 usqne
700 1649 869 1728 protelatur
893 1648 1029 1729 malitia,
1059 1654 1094 1711 ut
1120 1644 1249 1723 nova⁸)
1270 1663 1367 1708 exer-

217 1742 347 1800 comam
374 1735 529 1814 facinora,
557 1752 641 1796 nova
667 1749 791 1815 quoque
818 1733 900 1796 haec
927 1733 996 1813 ipsa
1022 1739 1133 1814 surgat
1159 1730 1366 1806 consuetudo,

217 1837 299 1902 quae
319 1820 421 1902 possit
442 1827 516 1884 ante
537 1820 758 1901 omnipotentis
778 1819 888 1886 oeulos
909 1827 1015 1886 nosue
1028 1817 1060 1896 7)
1083 1836 1157 1882 esse
1180 1816 1332 1900 purgatio.

310 1989 439 2052 Summa
469 1997 574 2054 autem
603 1987 694 2052 nobis
721 1988 883 2070 vigilantia
911 1997 944 2050 et
969 1987 1079 2070 grandi
1107 1986 1264 2070 religionis
1291 1998 1368 2050 cura

215 2065 438 2156 pmvidandum
460 2083 525 2154 est,
547 2082 582 2136 ut
602 2073 698 2154 mala,
720 2091 801 2154 quae
823 2071 952 2157 assidue
970 2073 1122 2154 prohibita
1142 2075 1366 2154 perpetrantur,

215 2161 475 2240 circuminspecta
502 2158 665 2240 disciplina
692 2159 909 2223 eooleriastiea
937 2161 1147 2239 extirpentur,
1186 2177 1248 2220 non
1278 2157 1364 2220 enim

215 2246 375 2308 incassum
402 2245 550 2324 scriptum
577 2252 646 2305 estr
678 2242 849 2306 Pestilente·
860 2243 1032 2326 flagellato
1052 2243 1168 2306 stanno
1188 2243 1363 2326 sapientior

217 2331 281 2392 erit
291 2330 334 2408 ⁸).
377 2327 582 2406 Quamobrem
610 2329 762 2410 quoniam·
781 2329 1048 2409 praeponderante
1069 2347 1163 2392 onere
1184 2329 1363 2390 delictorum

216 2415 409 2494 experientia
429 2433 530 2495 paene
550 2432 674 2494 semper
695 2431 734 2475 ac
755 2431 853 2494 saepe
867 2414 933 2476 fieri
947 2414 1106 2496 discimus,
1127 2406 1210 2496 quod
1230 2431 1364 2496 magno-

214 2518 289 2580 pere
310 2499 410 2561 vitare
437 2499 603 2580 debemus,
632 2497 775 2580 quodque
798 2500 891 2562 etiam
912 2499 1122 2562 custodituros
1141 2518 1201 2561 nos
1222 2517 1293 2561 oum
1315 2498 1364 2560 di-

136 2583 146 2593 '
214 2585 297 2646 vinis
324 2585 529 2648 sacramentis
555 2585 746 2664 spondemus
755 2583 804 2667 ⁹),
832 2585 1006 2646 temeritate
1024 2585 1198 2666 violamus,
1226 2583 1298 2646 ideo
1311 2584 1363 2662 ¹⁰)

213 2669 390 2751 frequenter
411 2677 461 2732 est
482 2668 755 2748 compescendum,
777 2669 860 2750 quod
879 2670 986 2732 erebro
1008 2669 1162 2748 inuenitur
1182 2678 1365 2751 transgres-

151 2777 152 2782 ’
213 2773 294 2816 snm.
336 2752 402 2816 Sed
423 2773 464 2816 ne
485 2753 696 2817 succedentes
717 2751 978 2833 praecedentibus
999 2772 1038 2818 ac
1059 2753 1171 2816 deinde
1192 2761 1363 2835 sequentes
1442 2759 1443 2778 ¹

213 2837 373 2900 invideant
398 2839 617 2921 anterioribus,
645 2845 681 2899 ut
709 2845 823 2902 cuneta
852 2839 958 2921 quieta
978 2845 1011 2901 et
1031 2837 1211 2919 pacata11)
1239 2857 1363 2920 perma-

212 2930 318 3004 neant,
339 2923 420 2986 haec
441 2924 539 2985 nostri
560 2922 684 2986 concilii
704 2925 906 2989 communiter
922 2923 1119 2988 considerata
1135 2923 1270 2988 defertur
1287 2943 1364 2987 seu-

215 3010 336 3096 tentia:
375 3009 420 3072 Ut
447 3008 583 3070 servatis
603 3007 658 3087 ¹²)
687 3025 903 3091 quaecumque
930 3011 961 3073 in
990 3010 1159 3072 universali
1189 3017 1222 3072 et
1249 3027 1363 3094 magua

212 3093 334 3175 synodo
353 3093 407 3174 ¹³)
439 3093 566 3176 provisa
591 3094 770 3176 conscripta
791 3113 831 3155 ue
859 3095 943 3156 circa
970 3096 1141 3176 principum
1169 3096 1301 3158 salutem
1331 3103 1363 3157 et

212 3179 375 3240 utilitatem
397 3187 480 3256 suut,
501 3178 582 3243 haec
604 3196 728 3260 quoque
749 3111 873 3258 adjecta
895 3179 1123 3247 custodiantur:
1150 3179 1308 3262 videlicet,
1329 3188 1363 3242 nt

211 3265 295 3326 omni
322 3262 516 3346 benignitate
545 3264 689 3344 omnique
715 3261 861 3326 firmitate
888 3263 972 3328 circa
999 3283 1122 3328 omnem
1149 3267 1363 3346 posteritatem

172 3371 178 3382 ’
210 3347 359 3428 principis
385 3351 482 3411 nostri
508 3346 744 3427 Chintilani1‘)
771 3350 856 3430 regis
882 3357 1024 3411 teneatur
1051 3349 1177 3413 dilectio
1208 3358 1243 3411 et
1269 3369 1364 3432 prae·

211 3431 323 3494 beatur
344 3433 523 3494 rationabile
545 3433 735 3495 defensionis
758 3432 986 3516 adminiculum,
1007 3453 1049 3496 ne
1069 3435 1163 3497 rebus
1179 3432 1267 3514 juste
1288 3453 1364 3518 pro-

207 3516 291 3576 uisis
308 3514 361 3594 ¹³)
394 3525 449 3578 aut
475 3519 569 3579 etiam
595 3525 757 3596 parentum
782 3517 878 3602 digua
904 3521 1083 3600 provisione
1111 3520 1285 3600 procuratis
1310 3519 1361 3580 vel

206 3599 285 3684 juris
305 3601 495 3680 proprietate
516 3601 632 3682 injuste
660 3601 857 3685 fraudentur,
884 3623 926 3666 ne
947 3623 967 3666 a
987 3623 1282 3686 quoquamcausae
1303 3605 1364 3665 illi-

211 3687 294 3748 citae
315 3693 349 3747 et
370 3686 546 3768 exquisitae
567 3684 710 3748 laedendi
731 3705 789 3749 eos
809 3689 1089 3774 praebeantnr¹⁶),
1112 3703 1152 3751 ne
1168 3704 1363 3773 quocumque

212 3843 410 3860 w

247 3934 274 4000 1)
295 3932 437 4012 Obirrtddne
454 3934 509 3987 BR.
528 3935 560 3987 Ε.
577 3935 604 3988 4.
622 3938 656 3991 Τ.
671 3939 697 3991 1.
715 3940 756 4003 2.,
782 3937 910 3992 Gintbr'lne
926 3937 964 3991 Μ.
992 3939 1167 4005 Udintdcrtce,
1192 3941 1224 3993 al.
1241 3936 1361 3991 Saturit-

277 4003 319 4052 lao
335 4017 363 4052 ιιι
382 4018 415 4054 nr.
432 4004 470 4056 Μ.
491 4033 527 4046 --
549 4004 584 4058 cf.
609 4024 671 4078 pag.
688 4008 742 4060 244
764 4015 818 4062 not.
836 4009 862 4062 9.
896 4035 933 4047 ·-
986 4009 1099 4076 ²),pnod
1115 4011 1238 4062 bonoradio
1254 4009 1292 4062 Μ.
1326 4038 1361 4050 -

245 4072 274 4138 ³)
293 4072 409 4122 erutione
425 4073 457 4124 U.
476 4073 510 4126 G.
563 4103 599 4113 —
653 4077 683 4146 t¹)
699 4079 819 4146 promisit
836 4076 863 4128 in
880 4093 915 4130 m.
933 4077 971 4130 Μ.
1016 4109 1052 4118 —-
1106 4079 1134 4148 ὗ)
1155 4094 1232 4146 rnqrre
1255 4079 1293 4132 Μ.
1326 4111 1360 4122 -

243 4142 273 4206 θ)
291 4140 433 4192 obtundente
456 4143 590 4211 irriqnilnte
613 4145 735 4213 afficitor,
760 4155 788 4198 nt
814 4162 985 4214 sequemurque
1007 4149 1111 4216 prolato
1129 4149 1231 4200 auditio
1248 4165 1313 4200 noun
1334 4149 1360 4202 in

276 4227 311 4261 m.
329 4209 366 4262 M.
392 4239 454 4265 ,-
500 4215 694 4286 ⁷)neslrcbl.
742 4245 777 4256 -
839 4215 1224 4296 ⁸)R10r.tu,25.21‚11.
1259 4247 1294 4258 -

241 4281 256 4390 ιν
260 4279 541 4417 ξῆἶρὲἷῗιῗῗῗιιῖξὶέ
553 4285 702 4404 afiorum
711 4287 764 4421 1⁸53!
776 4299 882 4404 iffi
896 4301 931 4408 dr
947 4285 986 4338 Μ’
1013 4287 1360 4422 ”rdoddidim'dindd'rn

276 4435 299 4470 c.
318 4415 359 4471 75.
400 4408 440 4459 -'
481 4421 529 4488 Ν)
550 4420 661 4474 Girrtilce
678 4419 718 4472 Μ.
746 4419 781 4462 -“-
808 4436 831 4476 r.
850 4422 930 4476 Cone.
951 4423 1039 4478 Tolet.
1056 4423 1099 4478 Vl.
1121 4441 1142 4478 c.
1160 4427 1201 4478 ld.
1237 4455 1273 4472 «-

242 4492 290 4553 Ν)
309 4503 351 4538 res
363 4489 450 4556 justae
467 4491 585 4554 prorisore
602 4498 648 4542 oct
663 4525 689 4542 ..
731 4491 780 4557 Η)
797 4500 950 4560 procuratae
967 4495 1002 4544 col
1014 4495 1084 4562 junia
1099 4497 1284 4562 proprietatem
1300 4512 1359 4562 per·-

279 4558 386 4608 tineoles
408 4559 500 4623 irrp'rrste
522 4559 674 4624 famulentur
697 4572 741 4610 ccc
764 4577 781 4610 o
802 4577 923 4629 qrtnpnnnr
946 4579 1024 4614 corruo
1046 4565 1135 4616 illicne
1157 4567 1287 4632 oaqrrirr'rrr
1304 4567 1358 4617 lne-

278 4627 352 4677 dondi
372 4643 414 4678 ona
431 4625 582 4694 ponebantur·
600 4626 627 4678 in
647 4644 680 4680 nr.
699 4627 735 4680 M.
772 4657 806 4669 -
1335 4645 1338 4648 '
