2912 5060
212 265 279 336 Μ
488 265 730 338 comtum
753 267 1024 338 'domimini
1044 273 1085 336 X.

213 433 403 502 irid'nc'nsas
425 439 540 502 anton
558 437 710 518 pertonat
730 446 767 502 et
787 439 1196 507 sanammtoiaauninto
1213 443 1378 502 constare

214 543 277 588 aon
294 524 413 586 valam.
443 525 526 588 ilino
548 523 705 604 estquod
726 526 878 605 paschale
897 526 1014 592 tostam
1034 525 1096 589 nisi
1113 543 1177 596 turo
1198 523 1251 589 die
1273 521 1379 589 cele-

214 612 340 684 bromus
360 617 393 672 et
415 617 566 689 tempore,
585 609 617 672 ia
637 608 806 674 Judaieum
826 609 1012 676 docidmnus
1030 629 1184 694 errorem,
1204 609 1282 674 uine
1306 607 1377 672 ad·-

214 703 345 758 rentum
363 695 468 774 amicti
486 694 620 774 spiritus
634 703 709 773 post
729 697 988 762 resurrectionem
1001 693 1055 759 del
1072 697 1133 762 nisi
1151 701 1377 774 expectemus

215 783 356 861 teuiporc
380 778 509 842 deflebo
535 777 659 844 dierum·
681 781 772 846 s'mrul
799 789 835 844 et
854 793 999 863 nucero,
1027 797 1089 844 non
1111 795 1283 862 possumus
1306 779 1376 842 im-

215 867 294 948 plori
314 864 456 946 οῇοοᾱοοι
475 864 604 944 spiritns
623 863 727 944 ἀοοο,
754 867 899 946 quoniam
919 867 950 930 si
969 872 1058 930 caret
1080 864 1282 946 plenitudinis
1306 883 1374 927 uu-

215 967 317 1033 nara,
346 959 454 1012 omma
483 958 593 1030 potest
617 958 652 1012 et
671 951 814 1034 mysterii
840 960 1054 1034 sacramenton
1084 951 1161 1016 hino
1186 949 1374 1014 nativitatis

216 1037 391 1104 damiatem
416 1051 560 1116 saornm,
594 1051 656 1114 quo
685 1034 850 1100 evidenter
875 1037 916 1100 de
943 1045 1034 1103 utero
1059 1037 1205 1118 virginali
1232 1035 1372 1099 verbum

216 1123 335 1206 prodiit
350 1139 423 1184 caro
444 1121 580 1200 laetum,
612 1121 739 1200 absque
752 1121 844 1184 dubio
865 1131 975 1186 servat
1000 1119 1079 1200 et¹)
1109 1121 1261 1202 temporis
1290 1138 1372 1182 eur·

216 1224 296 1288 sm,
315 1203 579 1286 ramassenlw)
600 1206 749 1284 specialis
769 1205 833 1270 diei
853 1206 933 1287 em)
950 1206 1194 1285 nomentum).
1225 1206 1265 1268 Si
1285 1224 1370 1288 ergo

217 1293 394 1356 nmiritatis
422 1299 457 1354 st
485 1291 593 1354 mortis
618 1291 771 1356 incarnati
797 1290 893 1372 hujus
911 1294 1000 1358 verbi
1019 1293 1089 1358 dies
1108 1295 1229 1374 absque
1250 1292 1369 1354 inmu-

217 1379 337 1441 tatione
357 1378 534 1440 itacertns
548 1375 698 1458 babetur,
726 1385 763 1442 nt
786 1378 908 1460 absquo
936 1378 1121 1446 diversitate
1145 1379 1175 1448 in
1198 1377 1275 1440 orbe
1297 1384 1364 1438 toto

216 1473 368 1528 terrarum
382 1463 423 1526 ab
438 1462 732 1526 omnicanoorditer
750 1463 890 1528 eeclesia
904 1465 1098 1544 celebretur,
1117 1481 1174 1528 ear
1190 1481 1255 1526 nen
1272 1461 1360 1523 fasti-

216 1550 302 1618 tdtas
314 1547 621 1632 ·.gloriosae.·matris
646 1545 717 1628 ejus
743 1548 856 1612 eadem
873 1549 1076 1615 obsmvaotis
1094 1568 1157 1612 uno
1177 1547 1271 1612 simul
1291 1547 1360 1608 ubi-

218 1655 285 1716 que
301 1633 528 1714 dissimilique
545 1633 698 1708 habeatur
713 1629 855 1697 honored
885 1635 1045 1701 Invenitur
1063 1635 1181 1698 etenim
1202 1635 1235 1696 in
1255 1633 1364 1696 multis

218 1721 560 1802 Hispaniae=partibrrs
585 1717 678 1799 hujus
702 1728 834 1785 sanctae
859 1720 994 1802 virginis
1010 1721 1210 1790 festumnon
1228 1738 1291 1782 uno
1314 1717 1366 1780 die

217 1826 274 1887 per
295 1823 404 1868 omnes
423 1823 572 1867 annorum
599 1805 733 1867 circulos
762 1805 832 1887 agi,
862 1807 1006 1886 quoniam
1026 1805 1201 1871 transducti
1220 1804 1367 1866 homines

218 1891 403 1954 diversitate
433 1899 628 1970 temporum,
667 1889 740 1952 dum
767 1891 954 1952 varietatem
986 1901 1178 1972 sequuntur,
1210 1891 1365 1952 unitatem

219 1977 412 2040 celebritatis
432 1995 493 2035 non
515 1975 632 2036 habere
652 1975 819 2054 probantur
832 1975 877 2053 ⁵).
911 1975 982 2054 Qua
1002 1976 1042 2038 de
1064 1997 1116 2058 re,
1136 1977 1281 2058 quoniam
1302 1974 1364 2054 die,

219 2080 282 2142 qua
317 2060 473 2122 invenitur
503 2059 638 2140 angelus
664 2059 778 2141 virgini
805 2061 893 2122 verbi
921 2071 1109 2142 conceptum
1138 2070 1173 2124 et
1199 2060 1363 2121 nuntiasse

218 2145 324 2206 verbis
341 2153 376 2206 et
396 2143 544 2204 indidisse
564 2143 730 2224 miraculis,
751 2143 861 2206 eadem
883 2145 1041 2209 festivitas
1062 2166 1124 2209 non
1144 2153 1254 2228 potest
1273 2145 1362 2206 cele-

219 2229 298 2294 brari
320 2229 490 2309 condigne,
508 2246 579 2289 cum
599 2228 753 2290 interdum
771 2229 1030 2312 quadragesimae
1052 2232 1121 2294 dies
1141 2233 1195 2293 vel
1212 2229 1357 2312 paschale

219 2317 336 2378 festum
355 2313 480 2398 videtur
507 2313 701 2395 incumbere,
730 2315 761 2376 in
788 2317 900 2400 quibus
928 2318 1002 2378 nihil
1030 2316 1071 2379 de
1100 2324 1275 2380 sanctorum
1299 2331 1353 2374 so-

219 2390 441 2478 lemnitatibus,
461 2399 546 2461 siout
566 2397 606 2460 eir
628 2398 814 2480 antiquitate
834 2404 970 2483 regulari
991 2411 1118 2466 cautmn
1138 2411 1201 2483 est,
1215 2398 1358 2466 conuenit

126 2519 133 2524 ’
219 2485 387 2566 celebrari3
414 2503 487 2548 curu
517 2485 613 2551 etiarn
640 2494 676 2548 et
704 2487 804 2566 ipsam
830 2486 1072 2566 incarnationem
1091 2489 1180 2550 verbi
1200 2507 1264 2550 non
1284 2503 1361 2548 eon-

219 2573 327 2642 veniat
347 2580 423 2636 tunc
443 2571 677 2634 celebritatibus
702 2571 889 2655 praedicari,
918 2575 1040 2658 quando
1062 2581 1188 2637 constat
1208 2571 1361 2652 idipsum

219 2659 349 2720 verbum
368 2665 443 2736 post
461 2655 592 2720 mortem
613 2655 715 2720 carnis
732 2659 833 2740 gloria
848 2661 1085 2722 resurrectionis
1105 2654 1221 2740 attolli,
1239 2655 1319 2722 adeo
1329 2655 1362 2733 ⁸)

219 2743 353 2824 speciali
372 2743 595 2804 constitutione
616 2743 765 2822 sancitur,
787 2752 830 2806 ut'
844 2751 919 2806 ante
940 2754 1088 2806 octavum
1108 2745 1199 2826 dienn
1221 2762 1283 2824 quo
1304 2759 1363 2802 na-

220 2836 274 2890 tus
295 2836 348 2890 est
368 2827 519 2907 dominus,
541 2827 702 2910 genitricis
722 2847 847 2910 quoque
869 2827 937 2910 ejus
958 2831 1028 2892 dies
1046 2831 1199 2892 habeatur
1220 2829 1363 2892 celeber-

220 2915 315 2976 rimus
336 2921 370 2974 et
390 2913 578 2992 praeclarus.
620 2913 671 2974 Ex
698 2914 763 2993 pari
793 2915 874 2978 enlm
903 2917 1019 2978 honore
1046 2924 1188 2995 constat,
1218 2922 1254 2976 ut
1280 2913 1365 2976 sicut

220 3001 419 3073 satientatem
453 2996 507 3058 filii
533 2999 732 3080 sequentium
767 2999 896 3074 dierum
918 3001 1091 3082 insequitur
1123 2999 1285 3084 dignitas,
1321 2997 1365 3060 ita

220 3085 428 3168 festivitatem
447 3083 555 3144 matris
575 3091 623 3144 tot
644 3081 763 3148 dierum
782 3094 933 3168 sequatur
952 3105 1045 3150 sacra
1064 3087 1264 3167 solemnitas3
1292 3101 1364 3146 nam

221 3169 344 3252 quid⁷b
358 3169 476 3233 ΐοοοοοι
496 3177 548 3232 est
567 3167 690 3250 matris,
716 3167 777 3234 nisi
796 3171 966 3242 incarnatio
987 3167 1102 3237 verbi?
1138 3170 1228 3251 cujus
1255 3169 1364 3250 utique

220 3254 311 3333 irae)
341 3253 436 3320 debet
463 3253 538 3321 esse
568 3251 726 3335 solemne,
754 3253 839 3318 sieut
867 3265 919 3318 est
946 3265 980 3318 et
1008 3257 1149 3337 ejusdem
1169 3255 1321 3318 nativitas
1331 3253 1364 3332 ⁹)

220 3342 318 3410 verba
360 3337 452 3418 Quod
477 3350 585 3417 tamen
605 3359 667 3404 nec
687 3341 757 3404 sine
778 3342 922 3422 exemplo
943 3340 1288 3421 decentis¹⁰)smoris,
1314 3339 1365 3420 qui

220 3445 278 3510 ner
298 3425 441 3489 diuersas
462 3427 567 3490 mundi
588 3437 697 3506 partes
718 3426 911 3508 dignoscitur
932 3428 1110 3510 observari,
1131 3427 1255 3490 videtur
1274 3427 1366 3488 iusti-

221 3511 285 3592 tui3
314 3509 347 3573 ia
370 3511 475 3573 multis
502 3531 635 3592 namque
666 3511 813 3576 ecclesiis
842 3532 861 3574 a
889 3513 978 3576 nobis
1006 3523 1039 3576 et
1059 3515 1162 3596 spatio
1184 3513 1312 3576 remotis
1333 3518 1366 3572 et

222 3595 314 3668 terris
333 3593 386 3669 hic
406 3615 475 3658 mos
495 3597 680 3678 agnoscitur
699 3598 834 3662 retineri.
874 3597 1007 3660 Proinde
1028 3607 1064 3660 ut
1085 3599 1125 3662 de
1147 3607 1253 3663 cetero
1276 3595 1365 3678 quid·

222 3680 297 3762 quid
323 3688 375 3743 est
402 3679 527 3744 dubium
552 3681 596 3744 sit
616 3691 783 3767 remotum,
811 3684 993 3758 solemnitas
1014 3683 1188 3746 dominicae
1208 3681 1316 3748 matris
1335 3682 1363 3742 in

222 3766 273 3830 die
294 3765 415 3828 decimo
437 3768 544 3849 quinto
564 3767 773 3830 Kalendarum
792 3769 1008 3832 Januariarum
1029 3769 1202 3832 omnimodo
1227 3769 1363 3832 celebre-

223 3862 274 3922 tur
306 3861 339 3912 et
371 3853 520 3916 nativitas
556 3853 610 3916 filii
639 3851 708 3933 ejus
741 3854 908 3916 salvatoris
941 3855 1040 3916 nostri
1071 3855 1122 3918 die
1154 3862 1270 3918 octavo
1299 3851 1361 3914 Ka·

221 3935 381 4085 gendarum
410 3939 605 4021 earumdem,
633 3939 718 4012 sieut
737 3955 806 4002 mos
827 3947 896 4021 ost,
925 3941 1080 4006 solemnis
1095 3943 1127 4005 in
1145 3941 1290 4006 'cursibus
1307 3936 1365 4002 ba-

245 4029 348 4090 eatur.-
624 4045 627 4054 ·
834 4062 839 4069 -
1023 4049 1028 4065 ·
1216 4055 1243 4074 ,·

226 4183 425 4200 W

228 4313 231 4323 ·
262 4291 487 4359 lmentari.
523 4323 558 4332 -
598 4294 755 4360 ²)elrnro.
774 4293 812 4343 Μ.
839 4322 881 4342 .-.-
920 4293 1153 4359 anennual.
1188 4323 1223 4336 --
1265 4294 1370 4360 θεοῦ·

230 4388 233 4399 ·
291 4362 360 4412 siole
377 4363 428 4414 diei
445 4363 621 4416 tinnimentum
638 4363 718 4416 imm.
735 4364 771 4412 M.
812 4391 847 4399 —-
865 4390 879 4424 ‚¹
895 4362 923 4427 ὅ)
944 4365 997 4426 Quo
1015 4367 1082 4420 enim
1099 4366 1243 4418 lt'mlsdttcel
1260 4363 1370 4430 inmittet

296 4433 432 4484 (Ιοκοοᾶίοο
461 4439 600 4499 tennerunt
625 4433 684 4484 donn
710 4434 862 4486 amicitiem
878 4433 1033 4510 celebritatis
1049 4433 1141 4488 bibam
1156 4431 1320 4502 probentur?
1343 4433 1370 4483 in

296 4502 386 4555 itali».
412 4527 448 4540 -n
482 4503 586 4566 ⁶)t'deu
604 4503 641 4555 M.
671 4528 706 4542 *-
742 4501 771 4568 l¹)
789 4503 907 4569 quodid.
942 4533 978 4542 -
1013 4501 1371 4568 ⁸lt'lradesstinC.Hisp.

297 4577 401 4693 qraffier
419 4570 463 4620 AE.
482 4573 514 4624 Τ.
530 4575 552 4626 l.
566 4575 591 4626 ².
636 4601 673 4612 -
718 4571 745 4636 9)
763 4573 907 4628 amonitoris
924 4572 952 4626 in
968 4589 1004 4625 nr.
1025 4577 1063 4630 M.
1104 4605 1139 4616 -
1190 4574 1240 4642 ιθ)
1256 4573 1374 4626 deceden-

311 4657 334 4692 ιε
382 4677 387 4691 .
423 4669 457 4679 -
1208 4687 1211 4697 .
