2912 5060
126 293 131 300 '
194 269 259 335 ΕΜ
455 269 590 338 ΟΟΒΕΧ
610 267 833 338 ECGLESldE
854 269 1088 340 AFRICANAE.

205 477 210 488 =
242 437 442 506 CXXXVII.
485 442 649 524 Ineptum
676 441 871 528 inundatio
900 427 1031 508 omnilii
1055 437 1198 509 Maeoni
1224 443 1359 506 directa

301 525 358 588 sud
392 527 447 589 dio
481 527 534 590 VI.
550 529 582 604 ¹)
607 527 775 590 Kalendas
807 529 991 591 Decernlnis
1004 529 1061 606 ²),
1094 535 1169 612 post
1204 529 1361 608 consula-

299 616 372 672 'tum
406 611 702 694 gloriosissimorum
737 617 963 698 imperatorum
993 614 1134 678 Honorii
1154 613 1233 676 XII.
1249 615 1284 693 ³)
1322 623 1361 677 et

307 695 476 759 Theodosii
494 698 555 761 ΙΧ.
569 699 603 778 ⁴)
639 709 868 782 augustorum,
902 700 1078 780 Bomyocio
1111 701 1197 764 urdis
1229 699 1358 763 Itomae

711 806 866 868 eprrsmpo.

284 881 450 946 Credimus
476 887 507 948 in
533 905 628 949 unum
655 887 748 950 deum
777 897 838 952 etc.
864 887 960 970 (vide
981 887 1112 970 11:160,
1139 883 1212 963 K).
1263 883 1359 946 Huic

199 967 334 1046 symouo
358 971 445 1050 fidei
474 973 573 1035 etiam
601 973 795 1056 compluria
827 980 1020 1036 statutorum
1051 973 1189 1054 ejusdem
1223 969 1361 1032 concilii

201 1050 342 1116 Nicaeni
363 1075 384 1115 a
404 1061 586 1119 memoratis
603 1060 808 1140 pontificibus
830 1079 956 1122 annena
984 1068 1076 1136 sunt,
1103 1061 1188 1120 sicut
1209 1057 1358 1139 superius

195 1159 259 1218 per
287 1141 393 1200 omnia
421 1144 644 1223 continentur3
674 1163 754 1226 quoe
775 1165 832 1208 nos
854 1144 907 1206 lric
928 1145 1044 1207 iterum
1064 1143 1221 1208 conscribi
1246 1161 1359 1204 neces-

202 1225 323 1286 sarium
343 1243 407 1286 non
428 1245 497 1289 essu
519 1229 711 1296 credidimus
723 1227 766 1309 ⁵).

232 1347 377 1439 ‚om
379 1351 466 1416 VIII.
508 1355 630 1440 moipdt
650 1357 785 1440 epistola
807 1355 949 1440 emollit,
958 1357 1113 1438 Africani
1133 1349 1178 1419 ad
1193 1373 1317 1439 popum

338 1519 340 1522 .
448 1437 659 1506 Caelestinum
679 1443 765 1506 uelis
783 1442 906 1505 Bomos
927 1445 1116 1526 episcoprum

226 1553 364 1628 Doarino
385 1556 592 1624 dilectissimo
614 1569 646 1624 et
668 1561 846 1625 honorabili
867 1563 973 1642 fratri
997 1561 1173 1624 Caelestino
1194 1555 1360 1629 Aurelius,

311 1641 537 1724 Palatinusl),
555 1649 729 1724 Antonius,
756 1647 907 1725 sorar),
930 1640 1360 1722 strenuissimorum),

311 1729 531 1807 Fortunatus,
560 1731 740 1808 Martinus,
767 1733 962 1808 lanuarias,
991 1731 1144 1816 Optatos,
1180 1729 1300 1792 Gellius
1313 1725 1359 1802 ⁹),

311 1811 476 1892 Donatus,
516 1817 684 1896 llocosius,
721 1819 924 1894 Vincentius,
952 1818 1206 1880 Fortunatianus
1222 1813 1297 1893 ¹⁰),
1326 1823 1362 1877 et

311 1903 420 1978 ceteri,
438 1904 495 1988 qui
512 1904 547 1966 in
563 1903 738 1980 uniuersali
752 1905 912 1984 Africano
931 1903 1065 1968 coucilia
1086 1901 1292 1984 Carthaginis
1304 1901 1315 1935 ¹
1326 1901 1360 1980 ¹)

442 2046 447 2052 .
681 1989 842 2070 adfuimus
857 1987 922 2070 1²).
1000 1989 1003 1996 '

211 2115 214 2120 ·
292 2084 486 2168 optaremus,
503 2091 604 2170 ut¹³)
633 2079 890 2172 quemadmodum
911 2089 1064 2152 sanctitas
1085 2096 1140 2148 tua
1160 2085 1200 2148 de
1222 2085 1362 2148 adventu

208 2171 327 2250 Apiarii
353 2175 489 2236 laetatos
508 2194 569 2238 vos
590 2177 690 2240 fuisse
712 2177 818 2238 missis
837 2174 1200 2256 per'cdmpresbyterum
1218 2179 1361 2232 nostrum

210 2257 349 2319 Leonem
377 2261 478 2322 literis
501 2261 671 2343 intimavit,
699 2255 746 2324 ita
773 2279 832 2323 nos
860 2279 983 2342 quoque
1013 2259 1053 2321 de
1080 2256 1149 2338 ejus
1174 2253 1359 2340 purgatione

210 2341 291 2404 haec
312 2345 429 2427 scripta
450 2363 520 2407 cum
541 2348 661 2409 laetitia
680 2349 881 2409 mitteremus
920 2347 1019 2408 Esset
1039 2345 1178 2424 proiecto
1200 2351 1232 2403 et
1251 2348 1360 2402 nostra

175 2434 184 2449 '
211 2435 244 2488 et
265 2438 373 2491 vestra
403 2431 495 2493 modo
525 2433 670 2497 alacritas
699 2435 829 2512 certior,
861 2449 922 2494 neo
943 2431 1091 2494 festinata
1104 2427 1158 2507 ¹⁴)
1186 2447 1246 2490 nec
1266 2445 1363 2507 prae-

211 2511 343 2592 propera
368 2516 526 2579 videretur
551 2538 632 2600 quae
659 2519 761 2581 adhuc
788 2527 851 2581 tam
865 2517 918 2596 ¹⁸)
949 2517 989 2580 de
1016 2513 1169 2578 audiendo
1200 2531 1292 2594 quam
1321 2511 1362 2574 da
1394 2527 1396 2536 ’

211 2600 316 2660 audito
338 2606 564 2682 praecesserat.
606 2603 805 2670 Adveniente
826 2623 903 2666 saue
925 2603 966 2665 ad
985 2621 1044 2663 uos
1069 2609 1180 2663 sancto
1207 2600 1302 2662 fratre
1320 2607 1363 2660 et

212 2687 401 2768 ccipisccpo
427 2699 533 2751 nostro
563 2689 732 2770 Faustino,
760 2690 924 2752 concilium
951 2687 1214 2769 congregavimus
1236 2693 1269 2750 et
1291 2703 1364 2746 cre-

213 2769 347 2834 didimus
368 2774 438 2835 ideo
461 2793 531 2836 cum
553 2776 604 2836 illo
626 2777 772 2856 missum,
801 2775 945 2854 quoniam
967 2775 1049 2834 sicut
1070 2792 1125 2852 per
1147 2769 1224 2852 ejus.
1237 2788 1362 2850 operam

213 2858 408 2942 presbyterio
430 2868 524 2920 antea
553 2859 692 2923 redditus
720 2859 843 2940 fuerat,
878 2859 922 2920 ita
948 2875 1031 2919 nunc
1056 2865 1167 2940 posset
1196 2856 1236 2919 de
1267 2857 1363 2918 tantis

214 2942 390 3006 cruninibus
418 2963 438 3006 a
466 2943 656 3006 'tabracenis
683 2945 827 3024 objectis·
843 2963 881 3010 co
911 2945 1070 3025 laborante
1097 2943 1240 3025 purgari,
1273 2940 1363 3022 cujus

192 3038 302 3090 ·tauts
329 3048 368 3090 ac
394 3029 764 3112 tam-'immaniallagitia
786 3029 950 3091 decursum
970 3030 1068 3090 nostri
1089 3029 1211 3090 concilii
1231 3045 1365 3089 examen

213 3113 348 3194 invenit,
375 3122 411 3174 ut
432 3114 531 3193 et¹⁶)
558 3115 718 3178 memorati
745 3115 949 3196 patrocinium
971 3116 1074 3194 potius
1096 3133 1187 3194 quam
1204 3112 1364 3194 judicium,

215 3217 254 3262 ac
276 3197 448 3264 defensans
468 3201 571 3283 magis
593 3221 716 3287 operam
738 3219 830 3282 quam
852 3199 1070 3278 disceptatoris
1092 3197 1245 3279 justitiam
1266 3217 1365 3278 supe-

215 3295 328 3348 rarent.
360 3285 443 3348 Nam
464 3287 593 3368 primum
611 3285 933 3370 quantummhstiterit
954 3285 1036 3348 omni
1057 3285 1293 3366 congregationi
1314 3283 1366 3344 di-

216 3389 329 3431 versas
354 3369 480 3452 injurias
507 3373 696 3454 ingerendo,
727 3372 817 3454 quasi
846 3369 1003 3432 ecclesiae
1029 3369 1191 3430 Romanam
1218 3387 1365 3430 asserens

215 3455 403 3538 privilegia,
434 3455 611 3534 voterem)
646 3477 717 3520 eum
747 3475 768 3518 a
791 3455 882 3518 nobis
907 3455 939 3516 in
965 3455 1209 3518 communionem
1236 3454 1364 3535 suscipi,

217 3557 309 3620 quem
331 3549 385 3603 tua
404 3542 558 3605 sanctitas
572 3541 703 3605 credens
719 3541 907 3622 appellasse,
923 3540 1006 3620 quod
1026 3540 1155 3620 probare
1176 3559 1239 3600 non
1254 3539 1363 3620 potuit,

217 3625 422 3692 communioni
448 3624 625 3690 reddiderat
640 3625 712 3710 ¹⁸);
744 3625 827 3711 quod
853 3625 977 3688 minime
1005 3633 1110 3690 tamen
1127 3625 1244 3706 licuit,
1282 3624 1365 3710 quod

216 3749 414 3770 m

253 3829 283 3967 d
300 3828 437 3949 tatii
450 3827 854 3965 {serrantia
868 3828 963 3950 ²12.ss
982 3828 1112 3964 ‘lma
1130 3825 1374 3962 saints

287 3967 374 4034 poscit
390 3973 420 4018 nt
437 3969 556 4030 legatur:
593 3969 728 4020 I'lreodosii
744 3970 816 4020 VIII.
824 4005 832 4032 ‚
857 3973 887 4020 ut
905 3975 931 4021 et
947 3967 1071 4020 Justellus
1089 3966 1179 4018 edidit.
1208 3965 1292 4018 Hord.
1325 3966 1366 4017 lta

288 4035 368 4087 stiam
386 4036 471 4088 Codd.
489 4037 565 4104 Hisp.
607 4065 644 4076 -
693 4037 917 4104 ³)'uotspmooto
935 4037 994 4099 ridel
1012 4039 1089 4089 etium
1106 4037 1265 4104 exemplario
1281 4042 1366 4086 statu-

289 4113 374 4156 torum
392 4121 495 4158 artneuo
511 4114 571 4156 saort
579 4143 589 4170 ,
606 4123 671 4173 qrrrre
687 4108 715 4157 in
731 4121 824 4172 nropna
842 4115 867 4157 et
883 4115 973 4156 soncto
990 4109 1084 4171 saprodo
1102 4107 1172 4173 nprrd
1187 4107 1312 4156 Nicaeum
1328 4106 1365 4155 ci-

287 4177 401 4238 uitatem,
419 4177 578 4242 metropolim
598 4177 744 4240 prooirrcioe
760 4176 906 4242 Bitlrpnioe,
929 4179 1067 4227 corrstltuta
1088 4184 1147 4227 sunt
1171 4183 1197 4226 rt
1218 4175 1249 4226 dc
1269 4177 1365 4225 Gracco

288 4246 417 4296 translata
440 4253 499 4296 srrnt
516 4261 533 4295 o
552 4244 654 4296 Plrilone
671 4253 696 4296 et
714 4245 832 4296 Eunomia
852 4245 1142 4312 Constantinopolitano.
1172 4245 1203 4296 C.
1222 4243 1298 4312 Hisp.
1330 4274 1365 4284 -

255 4314 284 4378 θ)
308 4315 454 4365 Valentinus
473 4314 503 4365 C.
519 4315 553 4365 H.
587 4343 623 4353 -
659 4315 688 4381 l)
709 4314 837 4365 llorere.
858 4315 892 4366 H.
926 4343 963 4354 -
998 4315 1028 4382 ⁸)
1048 4317 1199 4366 'l'orcnliuua
1214 4315 1297 4367 Hasd.
1332 4343 1363 4354 -

256 4386 288 4449 θ)
307 4385 427 4435 districtus
444 4385 476 4434 C.
488 4385 523 4434 H.
541 4383 658 4450 (praeter
676 4385 709 4437 Τ.
722 4387 745 4436 l.
757 4387 796 4435 ‘lu
818 4383 986 4451 valedictus).
1026 4409 1064 4421 -

253 4453 302 4522 ¹⁰)
321 4453 538 4506 FortunotorAE..
557 4479 592 4492 ·—
625 4452 675 4518 ¹¹)
694 4453 848 4519 commagine
863 4453 893 4505 B.
905 4456 940 4507 H.
966 4455 1017 4494 -'
1036 4455 1085 4522 12)
1103 4453 1223 4504 adsunam
1238 4451 1267 4504 in
1285 4467 1366 4518 marg.

290 4523 385 4576 Marsi.
419 4552 456 4562 —
493 4523 542 4589 ιὃ)
560 4524 585 4572 si
603 4521 635 4574 C.
653 4522 688 4576 H.
723 4553 758 4563 -
798 4524 847 4590 1⁴)
865 4539 909 4575 nec
926 4527 985 4590 fest.
1005 4523 1099 4576 desunt
1116 4521 1144 4574 in
1163 4522 1195 4572 O.
1213 4521 1247 4572 H.
1281 4551 1317 4562 -

254 4593 303 4655 1⁵)
322 4601 374 4644 tona
392 4595 466 4646 deest
483 4591 510 4642 in
529 4592 564 4646 C.
578 4593 612 4644 H.
647 4621 682 4632 --
721 4592 769 4660 Η)
787 4599 812 4644 el
830 4593 906 4646 deest
923 4593 950 4645 in
970 4593 1002 4644 C.
1020 4593 1068 4664 H.¹
1089 4619 1123 4630 -
1171 4591 1221 4658 Η)
1243 4591 1367 4651 elucteris

291 4664 321 4715 C.
341 4664 373 4716 H.
411 4695 444 4703 -—
488 4663 536 4730 Ν)
554 4662 690 4714 reddiderit
711 4662 741 4714 C.
759 4663 833 4733 llisp.
851 4672 878 4718 st
897 4663 977 4716 Hand.
1014 4691 1048 4700 —
1338 4672 1349 4682 ·
