<?xml version="1.0" encoding="UTF-8"?>
<!DOCTYPE html PUBLIC "-//W3C//DTD XHTML 1.0 Transitional//EN"
    "http://www.w3.org/TR/xhtml1/DTD/xhtml1-transitional.dtd">
<html xmlns="http://www.w3.org/1999/xhtml" xml:lang="en" lang="en">
 <head>
  <title>
</title>
<meta http-equiv="Content-Type" content="text/html;charset=utf-8" />
  <meta name='ocr-system' content='tesseract 3.04.00' />
  <meta name='ocr-capabilities' content='ocr_page ocr_carea ocr_par ocr_line ocrx_word'/>
</head>
<body>
  <div class='ocr_page' id='page_1' title='image "./canonesapostolo00brungoog/canonesapostolo00brungoog_0292.png"; bbox 0 0 2912 5060; ppageno 0'>
   <div class='ocr_carea' id='block_1_1' title="bbox 349 243 1243 320">
    <p class='ocr_par' dir='ltr' id='par_1_1' title="bbox 349 243 1243 320">
     <span class='ocr_line' id='line_1_1' title="bbox 349 243 1243 320; baseline -0.009 -2"><span class='ocrx_word' id='word_1_1' title='bbox 349 249 591 320; x_wconf 79' lang='lat' dir='ltr'><strong>cononum</strong></span> <span class='ocrx_word' id='word_1_2' title='bbox 613 249 885 316; x_wconf 71' lang='lat' dir='ltr'><strong>recursuum</strong></span> <span class='ocrx_word' id='word_1_3' title='bbox 904 248 987 318; x_wconf 83' lang='lat' dir='ltr'><strong>VIII.</strong></span> <span class='ocrx_word' id='word_1_4' title='bbox 1178 243 1243 312; x_wconf 76' lang='grc'><strong>279</strong></span> 
     </span>
    </p>
   </div>
   <div class='ocr_carea' id='block_1_2' title="bbox 82 415 1321 1618">
    <p class='ocr_par' dir='ltr' id='par_1_2' title="bbox 82 415 1321 1618">
     <span class='ocr_line' id='line_1_2' title="bbox 82 415 1242 511; baseline -0.007 -21"><span class='ocrx_word' id='word_1_5' title='bbox 82 448 148 511; x_wconf 80' lang='lat' dir='ltr'><strong>per</strong></span> <span class='ocrx_word' id='word_1_6' title='bbox 162 424 336 509; x_wconf 81' lang='lat' dir='ltr'><strong>pecaniam</strong></span> <span class='ocrx_word' id='word_1_7' title='bbox 353 423 518 506; x_wconf 75' lang='lat' dir='ltr'><strong>possidere</strong></span> <span class='ocrx_word' id='word_1_8' title='bbox 530 421 573 502; x_wconf 89' lang='lat'><strong>¹).</strong></span> <span class='ocrx_word' id='word_1_9' title='bbox 616 422 757 488; x_wconf 87' lang='lat' dir='ltr'><strong>Proinde</strong></span> <span class='ocrx_word' id='word_1_10' title='bbox 778 423 851 508; x_wconf 84' lang='lat' dir='ltr'><strong>quia</strong></span> <span class='ocrx_word' id='word_1_11' title='bbox 878 430 911 488; x_wconf 89' lang='lat' dir='ltr'><strong>et</strong></span> <span class='ocrx_word' id='word_1_12' title='bbox 935 423 1085 486; x_wconf 87' lang='lat' dir='ltr'><strong>usitatum</strong></span> <span class='ocrx_word' id='word_1_13' title='bbox 1105 425 1157 482; x_wconf 85' lang='lat' dir='ltr'><strong>est</strong></span> <span class='ocrx_word' id='word_1_14' title='bbox 1177 415 1242 482; x_wconf 86' lang='lat' dir='ltr'><strong>tale</strong></span> 
     </span>
     <span class='ocr_line' id='line_1_3' title="bbox 89 507 1242 594; baseline -0.008 -20"><span class='ocrx_word' id='word_1_15' title='bbox 89 514 221 594; x_wconf 85' lang='lat' dir='ltr'><strong>malum,</strong></span> <span class='ocrx_word' id='word_1_16' title='bbox 252 519 284 572; x_wconf 91' lang='lat' dir='ltr'><strong>et</strong></span> <span class='ocrx_word' id='word_1_17' title='bbox 312 509 462 590; x_wconf 89' lang='lat' dir='ltr'><strong>majorum</strong></span> <span class='ocrx_word' id='word_1_18' title='bbox 489 510 666 590; x_wconf 89' lang='lat' dir='ltr'><strong>frequenter</strong></span> <span class='ocrx_word' id='word_1_19' title='bbox 691 517 780 572; x_wconf 91' lang='lat' dir='ltr'><strong>extat</strong></span> <span class='ocrx_word' id='word_1_20' title='bbox 805 528 952 572; x_wconf 89' lang='lat' dir='ltr'><strong>mucrone</strong></span> <span class='ocrx_word' id='word_1_21' title='bbox 979 507 1152 585; x_wconf 91' lang='lat' dir='ltr'><strong>succisum,</strong></span> <span class='ocrx_word' id='word_1_22' title='bbox 1182 521 1242 566; x_wconf 91' lang='lat' dir='ltr'><strong>nos</strong></span> 
     </span>
     <span class='ocr_line' id='line_1_4' title="bbox 91 587 1241 682; baseline -0.007 -22"><span class='ocrx_word' id='word_1_23' title='bbox 91 617 218 682; x_wconf 92' lang='lat' dir='ltr'><strong>quoque</strong></span> <span class='ocrx_word' id='word_1_24' title='bbox 238 595 311 658; x_wconf 91' lang='lat' dir='ltr'><strong>huic</strong></span> <span class='ocrx_word' id='word_1_25' title='bbox 330 595 452 658; x_wconf 90' lang='lat' dir='ltr'><strong>vulneri</strong></span> <span class='ocrx_word' id='word_1_26' title='bbox 472 613 642 658; x_wconf 90' lang='lat' dir='ltr'><strong>canceroso</strong></span> <span class='ocrx_word' id='word_1_27' title='bbox 655 592 689 672; x_wconf 80' lang='lat'><strong>²)</strong></span> <span class='ocrx_word' id='word_1_28' title='bbox 717 596 847 678; x_wconf 82' lang='lat' dir='ltr'><strong>Ignitum</strong></span> <span class='ocrx_word' id='word_1_29' title='bbox 869 593 953 676; x_wconf 94' lang='lat' dir='ltr'><strong>quod</strong></span> <span class='ocrx_word' id='word_1_30' title='bbox 973 599 1118 674; x_wconf 81' lang='lat' dir='ltr'>superest</span> <span class='ocrx_word' id='word_1_31' title='bbox 1138 587 1241 652; x_wconf 92' lang='lat' dir='ltr'><strong>adhuc</strong></span> 
     </span>
     <span class='ocr_line' id='line_1_5' title="bbox 91 673 1241 765; baseline -0.012 -17"><span class='ocrx_word' id='word_1_32' title='bbox 91 683 246 765; x_wconf 76' lang='lat' dir='ltr'><strong>injicimus</strong></span> <span class='ocrx_word' id='word_1_33' title='bbox 272 681 400 760; x_wconf 89' lang='lat' dir='ltr'><strong>ferrum,</strong></span> <span class='ocrx_word' id='word_1_34' title='bbox 429 681 636 744; x_wconf 78' lang='lat' dir='ltr'><strong>decernentes</strong></span> <span class='ocrx_word' id='word_1_35' title='bbox 663 680 853 760; x_wconf 89' lang='lat' dir='ltr'><strong>omnimodo,</strong></span> <span class='ocrx_word' id='word_1_36' title='bbox 880 688 915 740; x_wconf 88' lang='lat' dir='ltr'><strong>ut</strong></span> <span class='ocrx_word' id='word_1_37' title='bbox 942 680 1128 759; x_wconf 84' lang='lat' dir='ltr'><strong>quicumque</strong></span> <span class='ocrx_word' id='word_1_38' title='bbox 1150 673 1241 738; x_wconf 90' lang='lat' dir='ltr'><strong>dein-</strong></span> 
     </span>
     <span class='ocr_line' id='line_1_6' title="bbox 94 761 1241 850; baseline -0.01 -17"><span class='ocrx_word' id='word_1_39' title='bbox 94 788 172 850; x_wconf 85' lang='lat' dir='ltr'><strong>ceps</strong></span> <span class='ocrx_word' id='word_1_40' title='bbox 200 787 255 849; x_wconf 90' lang='lat' dir='ltr'><strong>pro</strong></span> <span class='ocrx_word' id='word_1_41' title='bbox 284 766 486 848; x_wconf 87' lang='lat' dir='ltr'><strong>percipienda</strong></span> <span class='ocrx_word' id='word_1_42' title='bbox 513 767 681 829; x_wconf 89' lang='lat' dir='ltr'><strong>sacerdotii</strong></span> <span class='ocrx_word' id='word_1_43' title='bbox 707 765 859 848; x_wconf 80' lang='lat' dir='ltr'><strong>dignitate</strong></span> <span class='ocrx_word' id='word_1_44' title='bbox 887 763 1046 846; x_wconf 88' lang='lat' dir='ltr'><strong>quodlibet</strong></span> <span class='ocrx_word' id='word_1_45' title='bbox 1071 761 1241 844; x_wconf 86' lang='lat' dir='ltr'><strong>praemium</strong></span> 
     </span>
     <span class='ocr_line' id='line_1_7' title="bbox 91 847 1250 932; baseline -0.009 -14"><span class='ocrx_word' id='word_1_46' title='bbox 91 856 185 918; x_wconf 86' lang='lat' dir='ltr'><strong>fuerit</strong></span> <span class='ocrx_word' id='word_1_47' title='bbox 206 853 352 916; x_wconf 89' lang='lat' dir='ltr'><strong>detectus</strong></span> <span class='ocrx_word' id='word_1_48' title='bbox 380 852 547 932; x_wconf 88' lang='lat' dir='ltr'><strong>obtulisse,</strong></span> <span class='ocrx_word' id='word_1_49' title='bbox 580 872 621 914; x_wconf 88' lang='lat' dir='ltr'><strong>ex</strong></span> <span class='ocrx_word' id='word_1_50' title='bbox 648 850 759 914; x_wconf 90' lang='lat' dir='ltr'><strong>eodem</strong></span> <span class='ocrx_word' id='word_1_51' title='bbox 785 860 924 930; x_wconf 89' lang='lat' dir='ltr'><strong>ternpore</strong></span> <span class='ocrx_word' id='word_1_52' title='bbox 950 869 987 912; x_wconf 91' lang='lat' dir='ltr'><strong>se</strong></span> <span class='ocrx_word' id='word_1_53' title='bbox 1013 848 1136 910; x_wconf 91' lang='lat' dir='ltr'><strong>noverit</strong></span> <span class='ocrx_word' id='word_1_54' title='bbox 1162 847 1250 908; x_wconf 86' lang='lat' dir='ltr'><strong>ana-¹</strong></span> 
     </span>
     <span class='ocr_line' id='line_1_8' title="bbox 93 929 1242 1020; baseline -0.01 -17"><span class='ocrx_word' id='word_1_55' title='bbox 93 941 242 1003; x_wconf 89' lang='lat' dir='ltr'><strong>thematis</strong></span> <span class='ocrx_word' id='word_1_56' title='bbox 262 938 424 1018; x_wconf 92' lang='lat' dir='ltr'><strong>opprobrio</strong></span> <span class='ocrx_word' id='word_1_57' title='bbox 446 937 684 1000; x_wconf 90' lang='lat' dir='ltr'><strong>condemnatum</strong></span> <span class='ocrx_word' id='word_1_58' title='bbox 705 946 800 1020; x_wconf 91' lang='lat' dir='ltr'><strong>atque</strong></span> <span class='ocrx_word' id='word_1_59' title='bbox 822 956 842 998; x_wconf 93' lang='lat' dir='ltr'><strong>a</strong></span> <span class='ocrx_word' id='word_1_60' title='bbox 861 933 1105 1018; x_wconf 67' lang='lat' dir='ltr'><strong>perceptioness)</strong></span> <span class='ocrx_word' id='word_1_61' title='bbox 1124 929 1242 996; x_wconf 85' lang='lat' dir='ltr'><strong>Christi</strong></span> 
     </span>
     <span class='ocr_line' id='line_1_9' title="bbox 92 1021 1241 1106; baseline -0.008 -19"><span class='ocrx_word' id='word_1_62' title='bbox 92 1025 232 1106; x_wconf 88' lang='lat' dir='ltr'><strong>eorporis</strong></span> <span class='ocrx_word' id='word_1_63' title='bbox 255 1032 288 1086; x_wconf 91' lang='lat' dir='ltr'><strong>et</strong></span> <span class='ocrx_word' id='word_1_64' title='bbox 308 1023 470 1105; x_wconf 85' lang='lat' dir='ltr'><strong>sanguinis</strong></span> <span class='ocrx_word' id='word_1_65' title='bbox 491 1023 635 1102; x_wconf 87' lang='lat' dir='ltr'><strong>alienum,</strong></span> <span class='ocrx_word' id='word_1_66' title='bbox 653 1022 758 1103; x_wconf 80' lang='lat' dir='ltr'><strong>quo4)</strong></span> <span class='ocrx_word' id='word_1_67' title='bbox 773 1021 857 1084; x_wconf 91' lang='lat' dir='ltr'><strong>illum</strong></span> <span class='ocrx_word' id='word_1_68' title='bbox 879 1029 1004 1083; x_wconf 87' lang='lat' dir='ltr'><strong>constat</strong></span> <span class='ocrx_word' id='word_1_69' title='bbox 1023 1021 1085 1082; x_wconf 91' lang='lat' dir='ltr'><strong>hoc</strong></span> <span class='ocrx_word' id='word_1_70' title='bbox 1106 1036 1241 1080; x_wconf 90' lang='lat' dir='ltr'><strong>execra-</strong></span> 
     </span>
     <span class='ocr_line' id='line_1_10' title="bbox 92 1101 1241 1192; baseline -0.009 -18"><span class='ocrx_word' id='word_1_71' title='bbox 92 1113 155 1174; x_wconf 86' lang='lat' dir='ltr'><strong>bile</strong></span> <span class='ocrx_word' id='word_1_72' title='bbox 171 1109 297 1172; x_wconf 88' lang='lat' dir='ltr'><strong>Christo</strong></span> <span class='ocrx_word' id='word_1_73' title='bbox 318 1116 517 1190; x_wconf 80' lang='lat' dir='ltr'><strong>perpetrasse</strong></span> <span class='ocrx_word' id='word_1_74' title='bbox 537 1108 699 1192; x_wconf 86' lang='lat' dir='ltr'><strong>flagitium.</strong></span> <span class='ocrx_word' id='word_1_75' title='bbox 729 1105 822 1184; x_wconf 91' lang='lat' dir='ltr'><strong>Quod</strong></span> <span class='ocrx_word' id='word_1_76' title='bbox 843 1107 872 1170; x_wconf 91' lang='lat' dir='ltr'><strong>si</strong></span> <span class='ocrx_word' id='word_1_77' title='bbox 892 1107 1004 1188; x_wconf 88' lang='lat' dir='ltr'><strong>aliquis</strong></span> <span class='ocrx_word' id='word_1_78' title='bbox 1026 1105 1166 1166; x_wconf 91' lang='lat' dir='ltr'><strong>extiterit</strong></span> <span class='ocrx_word' id='word_1_79' title='bbox 1188 1101 1241 1184; x_wconf 91' lang='lat' dir='ltr'><strong>qui</strong></span> 
     </span>
     <span class='ocr_line' id='line_1_11' title="bbox 94 1189 1254 1275; baseline -0.008 -16"><span class='ocrx_word' id='word_1_80' title='bbox 94 1204 242 1275; x_wconf 86' lang='lat' dir='ltr'><strong>accuset,</strong></span> <span class='ocrx_word' id='word_1_81' title='bbox 266 1195 317 1254; x_wconf 90' lang='lat' dir='ltr'><strong>ille</strong></span> <span class='ocrx_word' id='word_1_82' title='bbox 343 1195 396 1274; x_wconf 90' lang='lat' dir='ltr'><strong>qui</strong></span> <span class='ocrx_word' id='word_1_83' title='bbox 421 1194 505 1256; x_wconf 90' lang='lat' dir='ltr'><strong>hunc</strong></span> <span class='ocrx_word' id='word_1_84' title='bbox 525 1194 662 1256; x_wconf 87' lang='lat' dir='ltr'><strong>ordinem</strong></span> <span class='ocrx_word' id='word_1_85' title='bbox 683 1212 843 1254; x_wconf 90' lang='lat' dir='ltr'><strong>munerum</strong></span> <span class='ocrx_word' id='word_1_86' title='bbox 862 1191 964 1254; x_wconf 87' lang='lat' dir='ltr'><strong>fuerat</strong></span> <span class='ocrx_word' id='word_1_87' title='bbox 984 1192 1170 1272; x_wconf 84' lang='lat' dir='ltr'><strong>acceptione</strong></span> <span class='ocrx_word' id='word_1_88' title='bbox 1188 1189 1254 1250; x_wconf 92' lang='lat' dir='ltr'><strong>lu-.</strong></span> 
     </span>
     <span class='ocr_line' id='line_1_12' title="bbox 94 1275 1240 1361; baseline -0.009 -15"><span class='ocrx_word' id='word_1_89' title='bbox 94 1289 201 1346; x_wconf 90' lang='lat' dir='ltr'><strong>cratus</strong></span> <span class='ocrx_word' id='word_1_90' title='bbox 222 1289 255 1341; x_wconf 93' lang='lat' dir='ltr'><strong>et</strong></span> <span class='ocrx_word' id='word_1_91' title='bbox 275 1279 418 1358; x_wconf 87' lang='lat' dir='ltr'><strong>suscepti</strong></span> <span class='ocrx_word' id='word_1_92' title='bbox 436 1279 562 1342; x_wconf 89' lang='lat' dir='ltr'><strong>honoris</strong></span> <span class='ocrx_word' id='word_1_93' title='bbox 582 1277 681 1361; x_wconf 85' lang='lat' dir='ltr'><strong>gradu</strong></span> <span class='ocrx_word' id='word_1_94' title='bbox 701 1279 840 1360; x_wconf 86' lang='lat' dir='ltr'><strong>privetur</strong></span> <span class='ocrx_word' id='word_1_95' title='bbox 870 1287 904 1340; x_wconf 88' lang='lat' dir='ltr'><strong>et</strong></span> <span class='ocrx_word' id='word_1_96' title='bbox 924 1278 955 1339; x_wconf 92' lang='lat' dir='ltr'><strong>in</strong></span> <span class='ocrx_word' id='word_1_97' title='bbox 976 1277 1163 1340; x_wconf 90' lang='lat' dir='ltr'><strong>monasterio</strong></span> <span class='ocrx_word' id='word_1_98' title='bbox 1181 1275 1240 1336; x_wconf 87' lang='lat' dir='ltr'><strong>snb</strong></span> 
     </span>
     <span class='ocr_line' id='line_1_13' title="bbox 93 1363 1321 1450; baseline -0.007 -22"><span class='ocrx_word' id='word_1_99' title='bbox 93 1367 222 1450; x_wconf 89' lang='lat' dir='ltr'><strong>perenni</strong></span> <span class='ocrx_word' id='word_1_100' title='bbox 242 1365 435 1445; x_wconf 90' lang='lat' dir='ltr'><strong>poenitentia</strong></span> <span class='ocrx_word' id='word_1_101' title='bbox 454 1365 621 1446; x_wconf 87' lang='lat' dir='ltr'><strong>religetur:</strong></span> <span class='ocrx_word' id='word_1_102' title='bbox 643 1365 686 1424; x_wconf 92' lang='lat' dir='ltr'><strong>illi</strong></span> <span class='ocrx_word' id='word_1_103' title='bbox 706 1383 798 1445; x_wconf 89' lang='lat' dir='ltr'><strong>vero,</strong></span> <span class='ocrx_word' id='word_1_104' title='bbox 819 1364 872 1445; x_wconf 92' lang='lat' dir='ltr'><strong>qui</strong></span> <span class='ocrx_word' id='word_1_105' title='bbox 892 1383 947 1444; x_wconf 91' lang='lat' dir='ltr'><strong>pro</strong></span> <span class='ocrx_word' id='word_1_106' title='bbox 969 1363 1030 1426; x_wconf 90' lang='lat' dir='ltr'><strong>hac</strong></span> <span class='ocrx_word' id='word_1_107' title='bbox 1051 1381 1149 1426; x_wconf 89' lang='lat' dir='ltr'><strong>eausa</strong></span> <span class='ocrx_word' id='word_1_108' title='bbox 1167 1380 1242 1424; x_wconf 77' lang='lat' dir='ltr'><strong>mu-,</strong></span> <span class='ocrx_word' id='word_1_109' title='bbox 1318 1363 1321 1368; x_wconf 85' lang='lat'>&#39;</span> 
     </span>
     <span class='ocr_line' id='line_1_14' title="bbox 92 1447 1240 1531; baseline -0.006 -16"><span class='ocrx_word' id='word_1_110' title='bbox 92 1471 200 1515; x_wconf 90' lang='lat' dir='ltr'><strong>nerum</strong></span> <span class='ocrx_word' id='word_1_111' title='bbox 217 1458 402 1530; x_wconf 89' lang='lat' dir='ltr'><strong>acceptores</strong></span> <span class='ocrx_word' id='word_1_112' title='bbox 419 1451 587 1531; x_wconf 87' lang='lat' dir='ltr'><strong>extiterint,</strong></span> <span class='ocrx_word' id='word_1_113' title='bbox 609 1450 637 1512; x_wconf 92' lang='lat' dir='ltr'><strong>si</strong></span> <span class='ocrx_word' id='word_1_114' title='bbox 657 1449 762 1512; x_wconf 90' lang='lat' dir='ltr'><strong>clerici</strong></span> <span class='ocrx_word' id='word_1_115' title='bbox 782 1450 905 1529; x_wconf 89' lang='lat' dir='ltr'><strong>fuerint,</strong></span> <span class='ocrx_word' id='word_1_116' title='bbox 927 1449 1051 1510; x_wconf 89' lang='lat' dir='ltr'><strong>honoris</strong></span> <span class='ocrx_word' id='word_1_117' title='bbox 1071 1447 1240 1508; x_wconf 91' lang='lat' dir='ltr'><strong>amissione</strong></span> 
     </span>
     <span class='ocr_line' id='line_1_15' title="bbox 93 1533 1218 1618; baseline -0.007 -16"><span class='ocrx_word' id='word_1_118' title='bbox 93 1540 295 1618; x_wconf 85' lang='lat' dir='ltr'><strong>mulctentur,</strong></span> <span class='ocrx_word' id='word_1_119' title='bbox 322 1536 351 1598; x_wconf 89' lang='lat' dir='ltr'><strong>si</strong></span> <span class='ocrx_word' id='word_1_120' title='bbox 372 1555 447 1598; x_wconf 91' lang='lat' dir='ltr'><strong>vero</strong></span> <span class='ocrx_word' id='word_1_121' title='bbox 468 1536 555 1616; x_wconf 90' lang='lat' dir='ltr'><strong>laici,</strong></span> <span class='ocrx_word' id='word_1_122' title='bbox 575 1533 775 1598; x_wconf 86' lang='lat' dir='ltr'><strong>anathemate</strong></span> <span class='ocrx_word' id='word_1_123' title='bbox 794 1543 947 1618; x_wconf 85' lang='lat' dir='ltr'><strong>perpetuo</strong></span> <span class='ocrx_word' id='word_1_124' title='bbox 967 1534 1218 1598; x_wconf 87' lang='lat' dir='ltr'><strong>condemnentur.</strong></span> 
     </span>
    </p>
   </div>
   <div class='ocr_carea' id='block_1_3' title="bbox 93 1701 1248 2558">
    <p class='ocr_par' dir='ltr' id='par_1_3' title="bbox 93 1701 1248 2558">
     <span class='ocr_line' id='line_1_16' title="bbox 180 1701 1240 1788; baseline 0.002 -22"><span class='ocrx_word' id='word_1_125' title='bbox 180 1701 319 1782; x_wconf 85' lang='lat' dir='ltr'><strong>Quartae</strong></span> <span class='ocrx_word' id='word_1_126' title='bbox 357 1705 591 1788; x_wconf 80' lang='lat' dir='ltr'><strong>congressIonis</strong></span> <span class='ocrx_word' id='word_1_127' title='bbox 626 1713 745 1770; x_wconf 91' lang='lat' dir='ltr'><strong>eventu</strong></span> <span class='ocrx_word' id='word_1_128' title='bbox 779 1705 892 1770; x_wconf 88' lang='lat' dir='ltr'><strong>obvius</strong></span> <span class='ocrx_word' id='word_1_129' title='bbox 919 1723 994 1769; x_wconf 90' lang='lat' dir='ltr'><strong>sese</strong></span> <span class='ocrx_word' id='word_1_130' title='bbox 1019 1704 1110 1768; x_wconf 90' lang='lat' dir='ltr'><strong>nobis</strong></span> <span class='ocrx_word' id='word_1_131' title='bbox 1138 1701 1240 1767; x_wconf 83' lang='lat' dir='ltr'><strong>intulit</strong></span> 
     </span>
     <span class='ocr_line' id='line_1_17' title="bbox 94 1789 1239 1874; baseline -0.004 -20"><span class='ocrx_word' id='word_1_132' title='bbox 94 1791 285 1874; x_wconf 89' lang='lat' dir='ltr'><strong>pontificalis</strong></span> <span class='ocrx_word' id='word_1_133' title='bbox 316 1791 459 1852; x_wconf 88' lang='lat' dir='ltr'><strong>culminis</strong></span> <span class='ocrx_word' id='word_1_134' title='bbox 489 1792 614 1874; x_wconf 89' lang='lat' dir='ltr'><strong>lapsus,</strong></span> <span class='ocrx_word' id='word_1_135' title='bbox 642 1811 735 1873; x_wconf 88' lang='lat' dir='ltr'><strong>quem</strong></span> <span class='ocrx_word' id='word_1_136' title='bbox 763 1799 836 1854; x_wconf 90' lang='lat' dir='ltr'><strong>ante</strong></span> <span class='ocrx_word' id='word_1_137' title='bbox 857 1791 932 1854; x_wconf 87' lang='lat' dir='ltr'><strong>llere</strong></span> <span class='ocrx_word' id='word_1_138' title='bbox 960 1811 1052 1874; x_wconf 89' lang='lat' dir='ltr'><strong>quam</strong></span> <span class='ocrx_word' id='word_1_139' title='bbox 1074 1789 1239 1870; x_wconf 88' lang='lat' dir='ltr'><strong>disponere</strong></span> 
     </span>
     <span class='ocr_line' id='line_1_18' title="bbox 95 1876 1240 1960; baseline -0.004 -21"><span class='ocrx_word' id='word_1_140' title='bbox 95 1878 249 1957; x_wconf 90' lang='lat' dir='ltr'><strong>compulsi</strong></span> <span class='ocrx_word' id='word_1_141' title='bbox 261 1897 301 1938; x_wconf 94' lang='lat' dir='ltr'><strong>ex</strong></span> <span class='ocrx_word' id='word_1_142' title='bbox 313 1876 418 1938; x_wconf 89' lang='lat' dir='ltr'><strong>ordine</strong></span> <span class='ocrx_word' id='word_1_143' title='bbox 435 1896 560 1960; x_wconf 82' lang='lat' dir='ltr'><strong>sumus3</strong></span> <span class='ocrx_word' id='word_1_144' title='bbox 580 1897 652 1940; x_wconf 87' lang='lat' dir='ltr'><strong>uam</strong></span> <span class='ocrx_word' id='word_1_145' title='bbox 669 1897 740 1940; x_wconf 91' lang='lat' dir='ltr'><strong>cum</strong></span> <span class='ocrx_word' id='word_1_146' title='bbox 756 1877 929 1940; x_wconf 87' lang='lat' dir='ltr'><strong>secundnm</strong></span> <span class='ocrx_word' id='word_1_147' title='bbox 943 1879 1045 1940; x_wconf 87' lang='lat' dir='ltr'><strong>earnis</strong></span> <span class='ocrx_word' id='word_1_148' title='bbox 1058 1883 1240 1954; x_wconf 77' lang='lat' dir='ltr'><strong>assumptae</strong></span> 
     </span>
     <span class='ocr_line' id='line_1_19' title="bbox 93 1959 1240 2048; baseline -0.003 -22"><span class='ocrx_word' id='word_1_149' title='bbox 93 1963 276 2046; x_wconf 88' lang='lat' dir='ltr'><strong>mysterium</strong></span> <span class='ocrx_word' id='word_1_150' title='bbox 302 1963 459 2024; x_wconf 90' lang='lat' dir='ltr'><strong>ecclesiae</strong></span> <span class='ocrx_word' id='word_1_151' title='bbox 486 1983 564 2024; x_wconf 89' lang='lat' dir='ltr'><strong>suae</strong></span> <span class='ocrx_word' id='word_1_152' title='bbox 591 1963 682 2025; x_wconf 82' lang='lat' dir='ltr'><strong>fuerit</strong></span> <span class='ocrx_word' id='word_1_153' title='bbox 702 1963 851 2048; x_wconf 87' lang='lat' dir='ltr'><strong>dignatus</strong></span> <span class='ocrx_word' id='word_1_154' title='bbox 871 1972 968 2046; x_wconf 89' lang='lat' dir='ltr'><strong>caput</strong></span> <span class='ocrx_word' id='word_1_155' title='bbox 988 1963 1125 2026; x_wconf 81' lang='lat' dir='ltr'><strong>existere</strong></span> <span class='ocrx_word' id='word_1_156' title='bbox 1146 1959 1240 2024; x_wconf 87' lang='lat' dir='ltr'><strong>Chri-</strong></span> 
     </span>
     <span class='ocr_line' id='line_1_20' title="bbox 95 2047 1242 2130; baseline -0.004 -19"><span class='ocrx_word' id='word_1_157' title='bbox 95 2058 186 2130; x_wconf 77' lang='lat' dir='ltr'><strong>stuS,</strong></span> <span class='ocrx_word' id='word_1_158' title='bbox 213 2047 322 2108; x_wconf 90' lang='lat' dir='ltr'><strong>merito</strong></span> <span class='ocrx_word' id='word_1_159' title='bbox 347 2048 379 2108; x_wconf 92' lang='lat' dir='ltr'><strong>in</strong></span> <span class='ocrx_word' id='word_1_160' title='bbox 401 2049 547 2112; x_wconf 91' lang='lat' dir='ltr'><strong>membris</strong></span> <span class='ocrx_word' id='word_1_161' title='bbox 567 2047 637 2129; x_wconf 89' lang='lat' dir='ltr'><strong>ejus</strong></span> <span class='ocrx_word' id='word_1_162' title='bbox 656 2051 785 2114; x_wconf 91' lang='lat' dir='ltr'><strong>intentio</strong></span> <span class='ocrx_word' id='word_1_163' title='bbox 807 2049 1023 2129; x_wconf 86' lang='lat' dir='ltr'><strong>episcoporum</strong></span> <span class='ocrx_word' id='word_1_164' title='bbox 1043 2049 1146 2110; x_wconf 86' lang='lat' dir='ltr'><strong>officia</strong></span> <span class='ocrx_word' id='word_1_165' title='bbox 1167 2065 1242 2126; x_wconf 89' lang='lat' dir='ltr'><strong>per-</strong></span> 
     </span>
     <span class='ocr_line' id='line_1_21' title="bbox 95 2131 1242 2218; baseline -0.004 -21"><span class='ocrx_word' id='word_1_166' title='bbox 95 2154 191 2218; x_wconf 88' lang='lat' dir='ltr'><strong>agere</strong></span> <span class='ocrx_word' id='word_1_167' title='bbox 219 2134 353 2196; x_wconf 88' lang='lat' dir='ltr'><strong>cernitur</strong></span> <span class='ocrx_word' id='word_1_168' title='bbox 378 2134 546 2196; x_wconf 90' lang='lat' dir='ltr'><strong>oculorum.</strong></span> <span class='ocrx_word' id='word_1_169' title='bbox 595 2136 660 2214; x_wconf 88' lang='lat' dir='ltr'><strong>Ipsi</strong></span> <span class='ocrx_word' id='word_1_170' title='bbox 686 2137 769 2198; x_wconf 92' lang='lat' dir='ltr'><strong>enim</strong></span> <span class='ocrx_word' id='word_1_171' title='bbox 796 2133 836 2196; x_wconf 94' lang='lat' dir='ltr'><strong>de</strong></span> <span class='ocrx_word' id='word_1_172' title='bbox 862 2135 1029 2196; x_wconf 88' lang='lat' dir='ltr'><strong>sublimiori</strong></span> <span class='ocrx_word' id='word_1_173' title='bbox 1057 2131 1242 2196; x_wconf 91' lang='lat' dir='ltr'><strong>celsitudine</strong></span> 
     </span>
     <span class='ocr_line' id='line_1_22' title="bbox 94 2217 1243 2302; baseline -0.003 -20"><span class='ocrx_word' id='word_1_174' title='bbox 94 2219 233 2282; x_wconf 90' lang='lat' dir='ltr'><strong>ordinum</strong></span> <span class='ocrx_word' id='word_1_175' title='bbox 248 2217 280 2296; x_wconf 80' lang='lat'><strong>⁵)</strong></span> <span class='ocrx_word' id='word_1_176' title='bbox 303 2225 416 2300; x_wconf 88' lang='lat' dir='ltr'><strong>regunt</strong></span> <span class='ocrx_word' id='word_1_177' title='bbox 438 2228 470 2280; x_wconf 88' lang='lat' dir='ltr'><strong>et</strong></span> <span class='ocrx_word' id='word_1_178' title='bbox 492 2219 659 2300; x_wconf 91' lang='lat' dir='ltr'><strong>disponunt</strong></span> <span class='ocrx_word' id='word_1_179' title='bbox 679 2220 841 2302; x_wconf 89' lang='lat' dir='ltr'><strong>subjectas</strong></span> <span class='ocrx_word' id='word_1_180' title='bbox 861 2220 1076 2282; x_wconf 89' lang='lat' dir='ltr'><strong>multitudines</strong></span> <span class='ocrx_word' id='word_1_181' title='bbox 1097 2219 1243 2300; x_wconf 87' lang='lat' dir='ltr'><strong>plebium.</strong></span> 
     </span>
     <span class='ocr_line' id='line_1_23' title="bbox 95 2303 1248 2388; baseline -0.002 -20"><span class='ocrx_word' id='word_1_182' title='bbox 95 2303 186 2368; x_wconf 91' lang='lat' dir='ltr'><strong>Unde</strong></span> <span class='ocrx_word' id='word_1_183' title='bbox 203 2312 317 2386; x_wconf 90' lang='lat' dir='ltr'><strong>quanto</strong></span> <span class='ocrx_word' id='word_1_184' title='bbox 339 2305 399 2384; x_wconf 91' lang='lat' dir='ltr'><strong>ipsi</strong></span> <span class='ocrx_word' id='word_1_185' title='bbox 419 2303 496 2366; x_wconf 85' lang='lat' dir='ltr'><strong>fiunt</strong></span> <span class='ocrx_word' id='word_1_186' title='bbox 517 2307 715 2388; x_wconf 88' lang='lat' dir='ltr'><strong>sequentium</strong></span> <span class='ocrx_word' id='word_1_187' title='bbox 732 2306 935 2386; x_wconf 69' lang='lat' dir='ltr'><strong>ductoresfl),</strong></span> <span class='ocrx_word' id='word_1_188' title='bbox 956 2315 1043 2368; x_wconf 90' lang='lat' dir='ltr'><strong>tauto</strong></span> <span class='ocrx_word' id='word_1_189' title='bbox 1065 2306 1248 2377; x_wconf 44' lang='lat' dir='ltr'><strong>meritorum.</strong></span> 
     </span>
     <span class='ocr_line' id='line_1_24' title="bbox 96 2389 1242 2474; baseline 0 -22"><span class='ocrx_word' id='word_1_190' title='bbox 96 2391 210 2452; x_wconf 90' lang='lat' dir='ltr'><strong>lumine</strong></span> <span class='ocrx_word' id='word_1_191' title='bbox 232 2389 347 2450; x_wconf 91' lang='lat' dir='ltr'><strong>debent</strong></span> <span class='ocrx_word' id='word_1_192' title='bbox 371 2409 445 2450; x_wconf 90' lang='lat' dir='ltr'><strong>esse</strong></span> <span class='ocrx_word' id='word_1_193' title='bbox 466 2391 633 2472; x_wconf 81' lang='lat' dir='ltr'><strong>fulgentes.</strong></span> <span class='ocrx_word' id='word_1_194' title='bbox 676 2389 872 2474; x_wconf 85' lang='lat' dir='ltr'><strong>Quapropter</strong></span> <span class='ocrx_word' id='word_1_195' title='bbox 894 2411 1002 2454; x_wconf 90' lang='lat' dir='ltr'><strong>omnes</strong></span> <span class='ocrx_word' id='word_1_196' title='bbox 1030 2391 1172 2472; x_wconf 80' lang='lat' dir='ltr'><strong>epIscopi</strong></span> <span class='ocrx_word' id='word_1_197' title='bbox 1191 2390 1242 2452; x_wconf 90' lang='lat' dir='ltr'><strong>in-</strong></span> 
     </span>
     <span class='ocr_line' id='line_1_25' title="bbox 97 2477 1243 2558; baseline -0.001 -21"><span class='ocrx_word' id='word_1_198' title='bbox 97 2485 145 2538; x_wconf 90' lang='lat' dir='ltr'><strong>ter</strong></span> <span class='ocrx_word' id='word_1_199' title='bbox 167 2483 339 2536; x_wconf 88' lang='lat' dir='ltr'><strong>ceterarum</strong></span> <span class='ocrx_word' id='word_1_200' title='bbox 361 2485 539 2538; x_wconf 88' lang='lat' dir='ltr'><strong>ornamenta</strong></span> <span class='ocrx_word' id='word_1_201' title='bbox 556 2477 706 2538; x_wconf 89' lang='lat' dir='ltr'><strong>virtutum</strong></span> <span class='ocrx_word' id='word_1_202' title='bbox 726 2479 826 2540; x_wconf 92' lang='lat' dir='ltr'><strong>nitore</strong></span> <span class='ocrx_word' id='word_1_203' title='bbox 848 2478 950 2540; x_wconf 90' lang='lat' dir='ltr'><strong>carnis</strong></span> <span class='ocrx_word' id='word_1_204' title='bbox 971 2477 1086 2540; x_wconf 90' lang='lat' dir='ltr'><strong>debent</strong></span> <span class='ocrx_word' id='word_1_205' title='bbox 1106 2495 1243 2558; x_wconf 90' lang='lat' dir='ltr'><strong>propen-</strong></span> 
     </span>
    </p>
   </div>
   <div class='ocr_carea' id='block_1_4' title="bbox 95 2558 1246 2901">
    <p class='ocr_par' dir='ltr' id='par_1_4' title="bbox 95 2558 1246 2901">
     <span class='ocr_line' id='line_1_26' title="bbox 96 2558 1242 2644; baseline -0.002 -20"><span class='ocrx_word' id='word_1_206' title='bbox 96 2563 165 2624; x_wconf 89' lang='lat' dir='ltr'><strong>sius</strong></span> <span class='ocrx_word' id='word_1_207' title='bbox 186 2558 322 2640; x_wconf 63' lang='lat' dir='ltr'><strong>euitil),</strong></span> <span class='ocrx_word' id='word_1_208' title='bbox 344 2568 379 2620; x_wconf 88' lang='lat' dir='ltr'><strong>ut</strong></span> <span class='ocrx_word' id='word_1_209' title='bbox 400 2581 441 2621; x_wconf 91' lang='lat' dir='ltr'><strong>ex</strong></span> <span class='ocrx_word' id='word_1_210' title='bbox 461 2563 523 2624; x_wconf 91' lang='lat' dir='ltr'><strong>hoc</strong></span> <span class='ocrx_word' id='word_1_211' title='bbox 544 2561 709 2625; x_wconf 81' lang='lat' dir='ltr'><strong>audientes</strong></span> <span class='ocrx_word' id='word_1_212' title='bbox 729 2563 909 2626; x_wconf 90' lang='lat' dir='ltr'><strong>munditiam</strong></span> <span class='ocrx_word' id='word_1_213' title='bbox 930 2571 1095 2644; x_wconf 90' lang='lat' dir='ltr'><strong>appetant,</strong></span> <span class='ocrx_word' id='word_1_214' title='bbox 1118 2581 1160 2622; x_wconf 91' lang='lat' dir='ltr'><strong>ex</strong></span> <span class='ocrx_word' id='word_1_215' title='bbox 1181 2579 1242 2642; x_wconf 93' lang='lat' dir='ltr'><strong>quo</strong></span> 
     </span>
     <span class='ocr_line' id='line_1_27' title="bbox 95 2645 1244 2730; baseline -0.003 -21"><span class='ocrx_word' id='word_1_216' title='bbox 95 2647 244 2710; x_wconf 88' lang='lat' dir='ltr'><strong>doctores</strong></span> <span class='ocrx_word' id='word_1_217' title='bbox 270 2646 462 2709; x_wconf 86' lang='lat' dir='ltr'><strong>immunditia</strong></span> <span class='ocrx_word' id='word_1_218' title='bbox 487 2669 550 2710; x_wconf 91' lang='lat' dir='ltr'><strong>nou</strong></span> <span class='ocrx_word' id='word_1_219' title='bbox 577 2645 739 2730; x_wconf 55' lang='lat' dir='ltr'><strong>deturpat(</strong></span> <span class='ocrx_word' id='word_1_220' title='bbox 770 2649 873 2712; x_wconf 84' lang='lat' dir='ltr'><strong>Adeo¹</strong></span> <span class='ocrx_word' id='word_1_221' title='bbox 891 2648 919 2710; x_wconf 91' lang='lat' dir='ltr'><strong>si</strong></span> <span class='ocrx_word' id='word_1_222' title='bbox 932 2648 965 2728; x_wconf 82' lang='lat'><strong>⁸)</strong></span> <span class='ocrx_word' id='word_1_223' title='bbox 994 2647 1145 2727; x_wconf 89' lang='lat' dir='ltr'><strong>deinceps</strong></span> <span class='ocrx_word' id='word_1_224' title='bbox 1174 2645 1244 2726; x_wconf 90' lang='lat' dir='ltr'><strong>epi-</strong></span> 
     </span>
     <span class='ocr_line' id='line_1_28' title="bbox 95 2731 1246 2818; baseline -0.003 -22"><span class='ocrx_word' id='word_1_225' title='bbox 95 2733 185 2812; x_wconf 91' lang='lat' dir='ltr'><strong>scopi</strong></span> <span class='ocrx_word' id='word_1_226' title='bbox 207 2731 323 2794; x_wconf 86' lang='lat' dir='ltr'><strong>detecti</strong></span> <span class='ocrx_word' id='word_1_227' title='bbox 344 2731 457 2794; x_wconf 90' lang='lat' dir='ltr'><strong>fuerint</strong></span> <span class='ocrx_word' id='word_1_228' title='bbox 478 2736 704 2798; x_wconf 87' lang='lat' dir='ltr'><strong>execrabilibus</strong></span> <span class='ocrx_word' id='word_1_229' title='bbox 724 2735 852 2818; x_wconf 81' lang='lat' dir='ltr'><strong>flagitiis</strong></span> <span class='ocrx_word' id='word_1_230' title='bbox 873 2753 945 2798; x_wconf 91' lang='lat' dir='ltr'><strong>curu</strong></span> <span class='ocrx_word' id='word_1_231' title='bbox 967 2733 1154 2816; x_wconf 87' lang='lat' dir='ltr'><strong>quibuslibet</strong></span> <span class='ocrx_word' id='word_1_232' title='bbox 1174 2731 1246 2794; x_wconf 90' lang='lat' dir='ltr'><strong>foe·</strong></span> 
     </span>
     <span class='ocr_line' id='line_1_29' title="bbox 95 2816 1244 2901; baseline -0.003 -20"><span class='ocrx_word' id='word_1_233' title='bbox 95 2820 187 2881; x_wconf 90' lang='lat' dir='ltr'><strong>minis</strong></span> <span class='ocrx_word' id='word_1_234' title='bbox 213 2817 308 2897; x_wconf 92' lang='lat' dir='ltr'><strong>pollui</strong></span> <span class='ocrx_word' id='word_1_235' title='bbox 337 2836 376 2878; x_wconf 90' lang='lat' dir='ltr'><strong>ae</strong></span> <span class='ocrx_word' id='word_1_236' title='bbox 391 2816 425 2897; x_wconf 76' lang='grc'><strong>9)</strong></span> <span class='ocrx_word' id='word_1_237' title='bbox 453 2819 593 2882; x_wconf 87' lang='lat' dir='ltr'><strong>familiari</strong></span> <span class='ocrx_word' id='word_1_238' title='bbox 620 2822 836 2901; x_wconf 89' lang='lat' dir='ltr'><strong>peculiaritate</strong></span> <span class='ocrx_word' id='word_1_239' title='bbox 861 2821 999 2900; x_wconf 89' lang='lat' dir='ltr'><strong>versari,</strong></span> <span class='ocrx_word' id='word_1_240' title='bbox 1035 2817 1178 2880; x_wconf 89' lang='lat' dir='ltr'><strong>noverint</strong></span> <span class='ocrx_word' id='word_1_241' title='bbox 1206 2835 1244 2878; x_wconf 93' lang='lat' dir='ltr'><strong>se</strong></span> 
     </span>
    </p>
   </div>
   <div class='ocr_carea' id='block_1_5' title="bbox 95 2903 1245 3070">
    <p class='ocr_par' dir='ltr' id='par_1_5' title="bbox 95 2903 1245 3070">
     <span class='ocr_line' id='line_1_30' title="bbox 95 2903 1245 2988; baseline 0 -22"><span class='ocrx_word' id='word_1_242' title='bbox 95 2904 290 2966; x_wconf 88' lang='lat' dir='ltr'><strong>irrevocabili</strong></span> <span class='ocrx_word' id='word_1_243' title='bbox 315 2904 473 2966; x_wconf 87' lang='lat' dir='ltr'><strong>sententia</strong></span> <span class='ocrx_word' id='word_1_244' title='bbox 498 2916 620 2987; x_wconf 89' lang='lat' dir='ltr'><strong>patrum</strong></span> <span class='ocrx_word' id='word_1_245' title='bbox 647 2907 773 2988; x_wconf 87' lang='lat' dir='ltr'><strong>ulcisci,</strong></span> <span class='ocrx_word' id='word_1_246' title='bbox 801 2905 833 2969; x_wconf 94' lang='lat' dir='ltr'><strong>id</strong></span> <span class='ocrx_word' id='word_1_247' title='bbox 859 2914 910 2969; x_wconf 88' lang='lat' dir='ltr'><strong>est</strong></span> <span class='ocrx_word' id='word_1_248' title='bbox 939 2913 972 2967; x_wconf 87' lang='lat' dir='ltr'><strong>et</strong></span> <span class='ocrx_word' id='word_1_249' title='bbox 991 2906 1054 2968; x_wconf 90' lang='lat' dir='ltr'><strong>loci</strong></span> <span class='ocrx_word' id='word_1_250' title='bbox 1075 2913 1109 2966; x_wconf 91' lang='lat' dir='ltr'><strong>et</strong></span> <span class='ocrx_word' id='word_1_251' title='bbox 1129 2903 1245 2966; x_wconf 81' lang='lat' dir='ltr'><strong>ordinIs</strong></span> 
     </span>
     <span class='ocr_line' id='line_1_31' title="bbox 96 2987 462 3070; baseline -0.003 -19"><span class='ocrx_word' id='word_1_252' title='bbox 96 2989 146 3052; x_wconf 91' lang='lat' dir='ltr'><strong>sui</strong></span> <span class='ocrx_word' id='word_1_253' title='bbox 166 2987 319 3070; x_wconf 83' lang='lat' dir='ltr'><strong>dignitate</strong></span> <span class='ocrx_word' id='word_1_254' title='bbox 340 2989 462 3068; x_wconf 90' lang='lat' dir='ltr'><strong>privari.</strong></span> 
     </span>
    </p>
   </div>
   <div class='ocr_carea' id='block_1_6' title="bbox 97 3155 1324 4094">
    <p class='ocr_par' dir='ltr' id='par_1_6' title="bbox 97 3155 1324 4094">
     <span class='ocr_line' id='line_1_32' title="bbox 183 3155 1246 3240; baseline -0.001 -22"><span class='ocrx_word' id='word_1_255' title='bbox 183 3155 319 3236; x_wconf 80' lang='lat' dir='ltr'><strong>Quintae</strong></span> <span class='ocrx_word' id='word_1_256' title='bbox 341 3157 473 3219; x_wconf 88' lang='lat' dir='ltr'><strong>actionis</strong></span> <span class='ocrx_word' id='word_1_257' title='bbox 493 3159 626 3239; x_wconf 91' lang='lat' dir='ltr'><strong>impulsu</strong></span> <span class='ocrx_word' id='word_1_258' title='bbox 645 3161 789 3240; x_wconf 89' lang='lat' dir='ltr'><strong>pervenit</strong></span> <span class='ocrx_word' id='word_1_259' title='bbox 810 3159 850 3222; x_wconf 90' lang='lat' dir='ltr'><strong>ad</strong></span> <span class='ocrx_word' id='word_1_260' title='bbox 871 3160 968 3222; x_wconf 90' lang='lat' dir='ltr'><strong>totius</strong></span> <span class='ocrx_word' id='word_1_261' title='bbox 984 3158 1106 3222; x_wconf 88' lang='lat' dir='ltr'><strong>concilii</strong></span> <span class='ocrx_word' id='word_1_262' title='bbox 1121 3173 1246 3219; x_wconf 89' lang='lat' dir='ltr'><strong>sacrum</strong></span> 
     </span>
     <span class='ocr_line' id='line_1_33' title="bbox 98 3240 1247 3327; baseline -0.005 -19"><span class='ocrx_word' id='word_1_263' title='bbox 98 3241 239 3308; x_wconf 89' lang='lat' dir='ltr'><strong>auditum</strong></span> <span class='ocrx_word' id='word_1_264' title='bbox 261 3243 412 3324; x_wconf 89' lang='lat' dir='ltr'><strong>quosdam</strong></span> <span class='ocrx_word' id='word_1_265' title='bbox 433 3245 617 3307; x_wconf 87' lang='lat' dir='ltr'><strong>sacerdotes</strong></span> <span class='ocrx_word' id='word_1_266' title='bbox 640 3253 672 3307; x_wconf 93' lang='lat' dir='ltr'><strong>et</strong></span> <span class='ocrx_word' id='word_1_267' title='bbox 697 3247 871 3327; x_wconf 88' lang='lat' dir='ltr'><strong>ministros,</strong></span> <span class='ocrx_word' id='word_1_268' title='bbox 898 3247 1120 3307; x_wconf 84' lang='lat' dir='ltr'><strong>obliviscentes</strong></span> <span class='ocrx_word' id='word_1_269' title='bbox 1146 3240 1247 3320; x_wconf 88' lang='lat' dir='ltr'><strong>majo-</strong></span> 
     </span>
     <span class='ocr_line' id='line_1_34' title="bbox 97 3327 1247 3412; baseline -0.005 -19"><span class='ocrx_word' id='word_1_270' title='bbox 97 3349 165 3393; x_wconf 89' lang='lat' dir='ltr'><strong>rum</strong></span> <span class='ocrx_word' id='word_1_271' title='bbox 186 3338 297 3391; x_wconf 90' lang='lat' dir='ltr'><strong>vetera</strong></span> <span class='ocrx_word' id='word_1_272' title='bbox 318 3331 489 3391; x_wconf 85' lang='lat' dir='ltr'><strong>constituta</strong></span> <span class='ocrx_word' id='word_1_273' title='bbox 502 3329 573 3411; x_wconf 85' lang='lat'><strong>¹⁰),</strong></span> <span class='ocrx_word' id='word_1_274' title='bbox 594 3340 648 3392; x_wconf 89' lang='lat' dir='ltr'><strong>aut</strong></span> <span class='ocrx_word' id='word_1_275' title='bbox 668 3351 798 3394; x_wconf 89' lang='lat' dir='ltr'><strong>uxorum</strong></span> <span class='ocrx_word' id='word_1_276' title='bbox 820 3341 873 3393; x_wconf 90' lang='lat' dir='ltr'><strong>aut</strong></span> <span class='ocrx_word' id='word_1_277' title='bbox 895 3348 1156 3412; x_wconf 88' lang='lat' dir='ltr'><strong>quarumcumque</strong></span> <span class='ocrx_word' id='word_1_278' title='bbox 1176 3327 1247 3388; x_wconf 66' lang='lat' dir='ltr'><strong>foe·b</strong></span> 
     </span>
     <span class='ocr_line' id='line_1_35' title="bbox 99 3413 1247 3498; baseline -0.004 -19"><span class='ocrx_word' id='word_1_279' title='bbox 99 3418 249 3479; x_wconf 90' lang='lat' dir='ltr'><strong>minarum</strong></span> <span class='ocrx_word' id='word_1_280' title='bbox 280 3434 317 3476; x_wconf 91' lang='lat' dir='ltr'><strong>se</strong></span> <span class='ocrx_word' id='word_1_281' title='bbox 334 3413 388 3492; x_wconf 68' lang='grc' dir='ltr'><strong>Η)</strong></span> <span class='ocrx_word' id='word_1_282' title='bbox 425 3416 582 3477; x_wconf 89' lang='lat' dir='ltr'><strong>immunda</strong></span> <span class='ocrx_word' id='word_1_283' title='bbox 614 3419 769 3479; x_wconf 90' lang='lat' dir='ltr'><strong>societate</strong></span> <span class='ocrx_word' id='word_1_284' title='bbox 798 3427 831 3478; x_wconf 89' lang='lat' dir='ltr'><strong>et</strong></span> <span class='ocrx_word' id='word_1_285' title='bbox 861 3417 1029 3478; x_wconf 88' lang='lat' dir='ltr'><strong>execrabili</strong></span> <span class='ocrx_word' id='word_1_286' title='bbox 1058 3414 1247 3498; x_wconf 85' lang='lat' dir='ltr'><strong>contagione</strong></span> 
     </span>
     <span class='ocr_line' id='line_1_36' title="bbox 100 3499 1249 3581; baseline -0.001 -19"><span class='ocrx_word' id='word_1_287' title='bbox 100 3502 232 3581; x_wconf 89' lang='lat' dir='ltr'><strong>turpari,</strong></span> <span class='ocrx_word' id='word_1_288' title='bbox 260 3500 390 3578; x_wconf 90' lang='lat' dir='ltr'><strong>pessimi</strong></span> <span class='ocrx_word' id='word_1_289' title='bbox 406 3499 460 3576; x_wconf 85' lang='lat'><strong>¹²)</strong></span> <span class='ocrx_word' id='word_1_290' title='bbox 481 3502 584 3563; x_wconf 79' lang='lat' dir='ltr'><strong>cordis</strong></span> <span class='ocrx_word' id='word_1_291' title='bbox 604 3503 812 3564; x_wconf 88' lang='lat' dir='ltr'><strong>obstinatione</strong></span> <span class='ocrx_word' id='word_1_292' title='bbox 833 3513 897 3564; x_wconf 87' lang='lat' dir='ltr'><strong>tam</strong></span> <span class='ocrx_word' id='word_1_293' title='bbox 919 3503 1019 3564; x_wconf 89' lang='lat' dir='ltr'><strong>sacris</strong></span> <span class='ocrx_word' id='word_1_294' title='bbox 1037 3501 1134 3563; x_wconf 90' lang='lat' dir='ltr'><strong>literis</strong></span> <span class='ocrx_word' id='word_1_295' title='bbox 1156 3517 1249 3581; x_wconf 89' lang='lat' dir='ltr'><strong>quam</strong></span> 
     </span>
     <span class='ocr_line' id='line_1_37' title="bbox 101 3583 1250 3669; baseline 0.001 -24"><span class='ocrx_word' id='word_1_296' title='bbox 101 3595 225 3666; x_wconf 85' lang='lat' dir='ltr'><strong>patrum</strong></span> <span class='ocrx_word' id='word_1_297' title='bbox 245 3585 363 3664; x_wconf 86' lang='lat' dir='ltr'><strong>regulis</strong></span> <span class='ocrx_word' id='word_1_298' title='bbox 385 3583 564 3668; x_wconf 77' lang='lat' dir='ltr'><strong>obviantes,</strong></span> <span class='ocrx_word' id='word_1_299' title='bbox 596 3607 657 3650; x_wconf 91' lang='lat' dir='ltr'><strong>nec</strong></span> <span class='ocrx_word' id='word_1_300' title='bbox 676 3589 739 3649; x_wconf 93' lang='lat' dir='ltr'><strong>levi</strong></span> <span class='ocrx_word' id='word_1_301' title='bbox 761 3589 885 3669; x_wconf 91' lang='lat' dir='ltr'><strong>quidem</strong></span> <span class='ocrx_word' id='word_1_302' title='bbox 906 3589 1106 3668; x_wconf 85' lang='lat' dir='ltr'><strong>respiramine</strong></span> <span class='ocrx_word' id='word_1_303' title='bbox 1128 3605 1250 3647; x_wconf 87' lang='lat' dir='ltr'><strong>memo·</strong></span> 
     </span>
     <span class='ocr_line' id='line_1_38' title="bbox 99 3667 1324 3754; baseline -0.001 -23"><span class='ocrx_word' id='word_1_304' title='bbox 99 3671 165 3732; x_wconf 89' lang='lat' dir='ltr'><strong>riae</strong></span> <span class='ocrx_word' id='word_1_305' title='bbox 188 3667 441 3730; x_wconf 88' lang='lat' dir='ltr'><strong>commendantes</strong></span> <span class='ocrx_word' id='word_1_306' title='bbox 455 3670 518 3751; x_wconf 84' lang='lat'><strong>¹³),</strong></span> <span class='ocrx_word' id='word_1_307' title='bbox 540 3672 622 3752; x_wconf 93' lang='lat' dir='ltr'><strong>quod</strong></span> <span class='ocrx_word' id='word_1_308' title='bbox 644 3675 792 3754; x_wconf 90' lang='lat' dir='ltr'><strong>scripturn</strong></span> <span class='ocrx_word' id='word_1_309' title='bbox 814 3684 882 3736; x_wconf 83' lang='lat' dir='ltr'><strong>est:</strong></span> <span class='ocrx_word' id='word_1_310' title='bbox 906 3673 1023 3735; x_wconf 81' lang='lat' dir='ltr'><strong>Sancti</strong></span> <span class='ocrx_word' id='word_1_311' title='bbox 1045 3678 1155 3746; x_wconf 81' lang='lat' dir='ltr'><strong>estote,</strong></span> <span class='ocrx_word' id='word_1_312' title='bbox 1174 3690 1248 3752; x_wconf 81' lang='lat' dir='ltr'><strong>quc-</strong></span> <span class='ocrx_word' id='word_1_313' title='bbox 1323 3698 1324 3702; x_wconf 40' lang='lat'>¹</span> 
     </span>
     <span class='ocr_line' id='line_1_39' title="bbox 99 3755 1251 3835; baseline -0.003 -19"><span class='ocrx_word' id='word_1_314' title='bbox 99 3757 189 3816; x_wconf 77' lang='lat' dir='ltr'><strong>niam</strong></span> <span class='ocrx_word' id='word_1_315' title='bbox 211 3761 245 3815; x_wconf 80' lang='lat' dir='ltr'><strong>et</strong></span> <span class='ocrx_word' id='word_1_316' title='bbox 272 3773 330 3835; x_wconf 85' lang='lat' dir='ltr'><strong>ego</strong></span> <span class='ocrx_word' id='word_1_317' title='bbox 357 3759 486 3815; x_wconf 81' lang='lat' dir='ltr'><strong>sanctus</strong></span> <span class='ocrx_word' id='word_1_318' title='bbox 512 3775 598 3832; x_wconf 84' lang='lat' dir='ltr'><strong>snm,</strong></span> <span class='ocrx_word' id='word_1_319' title='bbox 627 3758 710 3819; x_wconf 79' lang='lat' dir='ltr'><strong>dicit</strong></span> <span class='ocrx_word' id='word_1_320' title='bbox 741 3759 908 3831; x_wconf 80' lang='lat' dir='ltr'><strong>dominns3</strong></span> <span class='ocrx_word' id='word_1_321' title='bbox 936 3768 968 3819; x_wconf 89' lang='lat' dir='ltr'><strong>et</strong></span> <span class='ocrx_word' id='word_1_322' title='bbox 996 3757 1070 3818; x_wconf 91' lang='lat' dir='ltr'><strong>illud</strong></span> <span class='ocrx_word' id='word_1_323' title='bbox 1098 3755 1251 3834; x_wconf 91' lang='lat' dir='ltr'><strong>apostoli-</strong></span> 
     </span>
     <span class='ocr_line' id='line_1_40' title="bbox 99 3838 1250 3924; baseline -0.004 -21"><span class='ocrx_word' id='word_1_324' title='bbox 99 3859 172 3903; x_wconf 90' lang='lat' dir='ltr'><strong>cum</strong></span> <span class='ocrx_word' id='word_1_325' title='bbox 188 3838 261 3918; x_wconf 57' lang='grc' dir='ltr'><strong>Ἧι</strong></span> <span class='ocrx_word' id='word_1_326' title='bbox 292 3839 489 3920; x_wconf 72' lang='lat' dir='ltr'><strong>Mortificate</strong></span> <span class='ocrx_word' id='word_1_327' title='bbox 509 3842 646 3903; x_wconf 84' lang='lat' dir='ltr'><strong>membra</strong></span> <span class='ocrx_word' id='word_1_328' title='bbox 666 3851 789 3918; x_wconf 80' lang='lat' dir='ltr'><strong>vestra,</strong></span> <span class='ocrx_word' id='word_1_329' title='bbox 813 3863 892 3924; x_wconf 83' lang='lat' dir='ltr'><strong>qnae</strong></span> <span class='ocrx_word' id='word_1_330' title='bbox 913 3849 988 3904; x_wconf 78' lang='lat' dir='ltr'><strong>sont</strong></span> <span class='ocrx_word' id='word_1_331' title='bbox 1008 3862 1102 3922; x_wconf 82' lang='lat' dir='ltr'><strong>snper</strong></span> <span class='ocrx_word' id='word_1_332' title='bbox 1122 3847 1250 3913; x_wconf 84' lang='lat' dir='ltr'><strong>terram,</strong></span> 
     </span>
     <span class='ocr_line' id='line_1_41' title="bbox 99 3924 1251 4009; baseline -0.003 -22"><span class='ocrx_word' id='word_1_333' title='bbox 99 3927 137 3987; x_wconf 78' lang='lat' dir='ltr'><strong>id</strong></span> <span class='ocrx_word' id='word_1_334' title='bbox 157 3933 206 3987; x_wconf 82' lang='lat' dir='ltr'><strong>est</strong></span> <span class='ocrx_word' id='word_1_335' title='bbox 219 3924 472 4004; x_wconf 81' lang='lat' dir='ltr'><strong>fornicationem</strong></span> <span class='ocrx_word' id='word_1_336' title='bbox 492 3934 526 3986; x_wconf 83' lang='lat' dir='ltr'><strong>et</strong></span> <span class='ocrx_word' id='word_1_337' title='bbox 546 3928 796 4001; x_wconf 79' lang='lat' dir='ltr'><strong>immunditiam,</strong></span> <span class='ocrx_word' id='word_1_338' title='bbox 826 3927 1112 4009; x_wconf 81' lang='lat' dir='ltr'><strong>concupiscentiam</strong></span> <span class='ocrx_word' id='word_1_339' title='bbox 1134 3924 1251 3986; x_wconf 84' lang='lat' dir='ltr'><strong>molem</strong></span> 
     </span>
     <span class='ocr_line' id='line_1_42' title="bbox 103 4010 1252 4094; baseline -0.003 -21"><span class='ocrx_word' id='word_1_340' title='bbox 103 4017 136 4073; x_wconf 80' lang='lat' dir='ltr'><strong>ot</strong></span> <span class='ocrx_word' id='word_1_341' title='bbox 156 4013 341 4088; x_wconf 66' lang='lat' dir='ltr'><strong>acontium,</strong></span> <span class='ocrx_word' id='word_1_342' title='bbox 355 4012 468 4092; x_wconf 90' lang='lat' dir='ltr'><strong>quibus</strong></span> <span class='ocrx_word' id='word_1_343' title='bbox 482 4020 597 4092; x_wconf 91' lang='lat' dir='ltr'><strong>quanto</strong></span> <span class='ocrx_word' id='word_1_344' title='bbox 614 4022 666 4075; x_wconf 75' lang='lat' dir='ltr'><strong>est</strong></span> <span class='ocrx_word' id='word_1_345' title='bbox 680 4013 866 4094; x_wconf 90' lang='lat' dir='ltr'><strong>pertinacior</strong></span> <span class='ocrx_word' id='word_1_346' title='bbox 878 4017 888 4052; x_wconf 87' lang='lat'><strong>¹</strong></span> <span class='ocrx_word' id='word_1_347' title='bbox 898 4016 931 4092; x_wconf 55' lang='grc' dir='ltr'><strong>ὅ)</strong></span> <span class='ocrx_word' id='word_1_348' title='bbox 945 4031 1023 4074; x_wconf 91' lang='lat' dir='ltr'><strong>usus</strong></span> <span class='ocrx_word' id='word_1_349' title='bbox 1033 4017 1044 4050; x_wconf 86' lang='lat'><strong>¹</strong></span> <span class='ocrx_word' id='word_1_350' title='bbox 1053 4010 1087 4091; x_wconf 72' lang='grc' dir='ltr'><strong>θ)</strong></span> <span class='ocrx_word' id='word_1_351' title='bbox 1102 4013 1133 4072; x_wconf 93' lang='lat' dir='ltr'><strong>in</strong></span> <span class='ocrx_word' id='word_1_352' title='bbox 1151 4010 1252 4091; x_wconf 87' lang='lat' dir='ltr'><strong>malis,</strong></span> 
     </span>
    </p>
   </div>
   <div class='ocr_carea' id='block_1_7' title="bbox 120 4209 1255 4699">
    <p class='ocr_par' dir='ltr' id='par_1_7' title="bbox 120 4209 1255 4699">
     <span class='ocr_line' id='line_1_43' title="bbox 139 4209 1251 4282; baseline 0.004 -22"><span class='ocrx_word' id='word_1_353' title='bbox 139 4209 169 4278; x_wconf 84' lang='lat'><strong>1)</strong></span> <span class='ocrx_word' id='word_1_354' title='bbox 185 4210 313 4277; x_wconf 78' lang='lat' dir='ltr'><strong>possideri</strong></span> <span class='ocrx_word' id='word_1_355' title='bbox 330 4211 367 4264; x_wconf 90' lang='lat' dir='ltr'><strong>M.</strong></span> <span class='ocrx_word' id='word_1_356' title='bbox 403 4239 438 4250; x_wconf 86' lang='grc'><strong>--</strong></span> <span class='ocrx_word' id='word_1_357' title='bbox 484 4212 514 4278; x_wconf 79' lang='lat'><strong>²)</strong></span> <span class='ocrx_word' id='word_1_358' title='bbox 531 4228 651 4264; x_wconf 81' lang='lat' dir='ltr'><strong>corrcroso</strong></span> <span class='ocrx_word' id='word_1_359' title='bbox 669 4211 706 4264; x_wconf 87' lang='grc' dir='ltr'><strong>Μ.</strong></span> <span class='ocrx_word' id='word_1_360' title='bbox 742 4244 776 4254; x_wconf 93' lang='lat'>-</span> <span class='ocrx_word' id='word_1_361' title='bbox 820 4213 848 4282; x_wconf 78' lang='lat'><strong>³)</strong></span> <span class='ocrx_word' id='word_1_362' title='bbox 868 4213 1100 4279; x_wconf 78' lang='lat' dir='ltr'><strong>oporticr&#39;pntt&#39;onc</strong></span> <span class='ocrx_word' id='word_1_363' title='bbox 1117 4210 1145 4264; x_wconf 89' lang='lat' dir='ltr'><strong>in</strong></span> <span class='ocrx_word' id='word_1_364' title='bbox 1162 4227 1196 4262; x_wconf 91' lang='lat' dir='ltr'><strong>m.</strong></span> <span class='ocrx_word' id='word_1_365' title='bbox 1214 4211 1251 4265; x_wconf 88' lang='lat' dir='ltr'><strong>M.</strong></span> 
     </span>
     <span class='ocr_line' id='line_1_44' title="bbox 139 4280 1192 4352; baseline 0.009 -24"><span class='ocrx_word' id='word_1_366' title='bbox 139 4281 169 4344; x_wconf 78' lang='lat'><strong>⁴)</strong></span> <span class='ocrx_word' id='word_1_367' title='bbox 187 4295 221 4329; x_wconf 76' lang='lat' dir='ltr'><strong>oc</strong></span> <span class='ocrx_word' id='word_1_368' title='bbox 238 4295 286 4346; x_wconf 82' lang='lat' dir='ltr'><strong>quo</strong></span> <span class='ocrx_word' id='word_1_369' title='bbox 303 4280 341 4331; x_wconf 88' lang='lat' dir='ltr'><strong>M.</strong></span> <span class='ocrx_word' id='word_1_370' title='bbox 380 4310 416 4320; x_wconf 88' lang='lat'><em>-</em></span> <span class='ocrx_word' id='word_1_371' title='bbox 463 4281 491 4348; x_wconf 77' lang='lat'><strong>⁵)</strong></span> <span class='ocrx_word' id='word_1_372' title='bbox 510 4283 608 4333; x_wconf 84' lang='lat' dir='ltr'><strong>ordinis</strong></span> <span class='ocrx_word' id='word_1_373' title='bbox 625 4283 653 4334; x_wconf 93' lang='lat' dir='ltr'><strong>in</strong></span> <span class='ocrx_word' id='word_1_374' title='bbox 671 4300 705 4334; x_wconf 87' lang='lat' dir='ltr'><strong>rn.</strong></span> <span class='ocrx_word' id='word_1_375' title='bbox 722 4284 759 4335; x_wconf 91' lang='lat' dir='ltr'><strong>M.</strong></span> <span class='ocrx_word' id='word_1_376' title='bbox 800 4311 836 4320; x_wconf 90' lang='lat'>—</span> <span class='ocrx_word' id='word_1_377' title='bbox 880 4281 908 4352; x_wconf 78' lang='lat'><strong>⁶)</strong></span> <span class='ocrx_word' id='word_1_378' title='bbox 928 4283 1062 4336; x_wconf 74' lang='lat' dir='ltr'><strong>«locutores</strong></span> <span class='ocrx_word' id='word_1_379' title='bbox 1086 4283 1122 4336; x_wconf 90' lang='grc' dir='ltr'><strong>Μ.</strong></span> <span class='ocrx_word' id='word_1_380' title='bbox 1158 4309 1192 4320; x_wconf 84' lang='grc'><strong>-</strong></span> 
     </span>
     <span class='ocr_line' id='line_1_45' title="bbox 140 4347 1254 4420; baseline 0.003 -22"><span class='ocrx_word' id='word_1_381' title='bbox 140 4347 169 4416; x_wconf 64' lang='grc'><strong>7)</strong></span> <span class='ocrx_word' id='word_1_382' title='bbox 188 4352 283 4400; x_wconf 73' lang='lat' dir='ltr'><strong>mittere</strong></span> <span class='ocrx_word' id='word_1_383' title='bbox 300 4349 337 4402; x_wconf 85' lang='lat' dir='ltr'><strong>M.</strong></span> <span class='ocrx_word' id='word_1_384' title='bbox 370 4381 405 4389; x_wconf 95' lang='lat'><em>-</em></span> <span class='ocrx_word' id='word_1_385' title='bbox 442 4349 470 4416; x_wconf 80' lang='lat'><strong>⁸)</strong></span> <span class='ocrx_word' id='word_1_386' title='bbox 489 4351 558 4402; x_wconf 76' lang='lat' dir='ltr'><strong>Adeo</strong></span> <span class='ocrx_word' id='word_1_387' title='bbox 575 4359 603 4402; x_wconf 85' lang='lat' dir='ltr'><strong>ot</strong></span> <span class='ocrx_word' id='word_1_388' title='bbox 620 4355 644 4404; x_wconf 81' lang='lat' dir='ltr'><strong>sl</strong></span> <span class='ocrx_word' id='word_1_389' title='bbox 661 4353 699 4404; x_wconf 88' lang='grc' dir='ltr'><strong>Μ.</strong></span> <span class='ocrx_word' id='word_1_390' title='bbox 733 4383 769 4394; x_wconf 86' lang='lat'><em>-</em></span> <span class='ocrx_word' id='word_1_391' title='bbox 806 4352 834 4420; x_wconf 54' lang='grc' dir='ltr'><strong>1Β)</strong></span> <span class='ocrx_word' id='word_1_392' title='bbox 852 4361 897 4404; x_wconf 76' lang='lat' dir='ltr'><strong>arn</strong></span> <span class='ocrx_word' id='word_1_393' title='bbox 913 4353 950 4406; x_wconf 90' lang='grc' dir='ltr'><strong>Μ.</strong></span> <span class='ocrx_word' id='word_1_394' title='bbox 985 4383 1021 4392; x_wconf 94' lang='lat'><em>-</em></span> <span class='ocrx_word' id='word_1_395' title='bbox 1061 4351 1254 4420; x_wconf 78' lang='lat' dir='ltr'><strong>1⁰)ootcribns</strong></span> 
     </span>
     <span class='ocr_line' id='line_1_46' title="bbox 176 4420 1253 4490; baseline 0.004 -21"><span class='ocrx_word' id='word_1_396' title='bbox 176 4420 425 4485; x_wconf 61' lang='lat' dir='ltr'><strong>constituimini,</strong></span> <span class='ocrx_word' id='word_1_397' title='bbox 450 4430 607 4472; x_wconf 80' lang='lat' dir='ltr'><strong>necatorum</strong></span> <span class='ocrx_word' id='word_1_398' title='bbox 625 4425 818 4476; x_wconf 79' lang='lat' dir='ltr'><strong>constitutorum</strong></span> <span class='ocrx_word' id='word_1_399' title='bbox 836 4421 862 4474; x_wconf 89' lang='lat' dir='ltr'><strong>in</strong></span> <span class='ocrx_word' id='word_1_400' title='bbox 882 4423 971 4476; x_wconf 79' lang='lat' dir='ltr'><strong>mill.</strong></span> <span class='ocrx_word' id='word_1_401' title='bbox 1006 4455 1041 4464; x_wconf 94' lang='lat'><em>-</em></span> <span class='ocrx_word' id='word_1_402' title='bbox 1085 4421 1134 4490; x_wconf 82' lang='lat'><strong>11)</strong></span> <span class='ocrx_word' id='word_1_403' title='bbox 1157 4438 1184 4474; x_wconf 84' lang='lat' dir='ltr'><strong>so</strong></span> <span class='ocrx_word' id='word_1_404' title='bbox 1202 4438 1253 4474; x_wconf 85' lang='lat' dir='ltr'><strong>our.</strong></span> 
     </span>
     <span class='ocr_line' id='line_1_47' title="bbox 174 4489 1255 4562; baseline 0.006 -22"><span class='ocrx_word' id='word_1_405' title='bbox 174 4505 191 4540; x_wconf 82' lang='lat' dir='ltr'><strong>a</strong></span> <span class='ocrx_word' id='word_1_406' title='bbox 209 4489 246 4540; x_wconf 87' lang='lat' dir='ltr'><strong>M.</strong></span> <span class='ocrx_word' id='word_1_407' title='bbox 281 4518 316 4528; x_wconf 77' lang='lat'><em>-</em></span> <span class='ocrx_word' id='word_1_408' title='bbox 349 4491 398 4557; x_wconf 81' lang='lat'><strong>1²)</strong></span> <span class='ocrx_word' id='word_1_409' title='bbox 416 4497 441 4542; x_wconf 84' lang='lat' dir='ltr'><strong>et</strong></span> <span class='ocrx_word' id='word_1_410' title='bbox 458 4491 569 4557; x_wconf 81' lang='lat' dir='ltr'><strong>pessimo</strong></span> <span class='ocrx_word' id='word_1_411' title='bbox 586 4492 613 4542; x_wconf 90' lang='lat' dir='ltr'><strong>in</strong></span> <span class='ocrx_word' id='word_1_412' title='bbox 632 4509 666 4544; x_wconf 85' lang='lat' dir='ltr'><strong>nr.</strong></span> <span class='ocrx_word' id='word_1_413' title='bbox 686 4493 723 4544; x_wconf 89' lang='grc' dir='ltr'><strong>Μ.</strong></span> <span class='ocrx_word' id='word_1_414' title='bbox 758 4522 793 4531; x_wconf 92' lang='grc'><strong>-</strong></span> <span class='ocrx_word' id='word_1_415' title='bbox 825 4493 875 4562; x_wconf 82' lang='lat'><strong>¹³)</strong></span> <span class='ocrx_word' id='word_1_416' title='bbox 896 4495 1092 4562; x_wconf 77' lang='lat' dir='ltr'><strong>contemplantes</strong></span> <span class='ocrx_word' id='word_1_417' title='bbox 1110 4491 1173 4560; x_wconf 86' lang='lat' dir='ltr'><strong>(orn.</strong></span> <span class='ocrx_word' id='word_1_418' title='bbox 1192 4508 1255 4546; x_wconf 83' lang='lat' dir='ltr'><strong>voce</strong></span> 
     </span>
     <span class='ocr_line' id='line_1_48' title="bbox 173 4559 1185 4631; baseline 0.011 -23"><span class='ocrx_word' id='word_1_419' title='bbox 173 4559 742 4628; x_wconf 73' lang='lat' dir='ltr'><strong>rnmrortoo)inrn.bI.-Lerit.19‚2.</strong></span> <span class='ocrx_word' id='word_1_420' title='bbox 776 4591 811 4600; x_wconf 90' lang='lat'><em>-</em></span> <span class='ocrx_word' id='word_1_421' title='bbox 851 4563 1114 4631; x_wconf 71' lang='lat' dir='ltr'><strong>¹²)Coloss.3‚5.</strong></span> <span class='ocrx_word' id='word_1_422' title='bbox 1151 4594 1185 4604; x_wconf 90' lang='lat'><em>—</em></span> 
     </span>
     <span class='ocr_line' id='line_1_49' title="bbox 120 4630 859 4699; baseline 0.008 -20"><span class='ocrx_word' id='word_1_423' title='bbox 120 4631 170 4698; x_wconf 73' lang='grc' dir='ltr'><strong>Η)</strong></span> <span class='ocrx_word' id='word_1_424' title='bbox 188 4630 357 4696; x_wconf 78' lang='lat' dir='ltr'><strong>perniciosior</strong></span> <span class='ocrx_word' id='word_1_425' title='bbox 372 4631 428 4684; x_wconf 83' lang='lat' dir='ltr'><strong>BR.</strong></span> <span class='ocrx_word' id='word_1_426' title='bbox 464 4661 498 4670; x_wconf 85' lang='lat'>—</span> <span class='ocrx_word' id='word_1_427' title='bbox 538 4631 585 4699; x_wconf 70' lang='grc' dir='ltr'><strong>Η)</strong></span> <span class='ocrx_word' id='word_1_428' title='bbox 604 4634 642 4683; x_wconf 79' lang='lat' dir='ltr'><strong>oia</strong></span> <span class='ocrx_word' id='word_1_429' title='bbox 660 4633 685 4684; x_wconf 89' lang='lat' dir='ltr'><strong>in</strong></span> <span class='ocrx_word' id='word_1_430' title='bbox 706 4633 792 4684; x_wconf 76' lang='lat' dir='ltr'><strong>rull.</strong></span> <span class='ocrx_word' id='word_1_431' title='bbox 828 4659 859 4670; x_wconf 91' lang='lat'><em>-</em></span> 
     </span>
    </p>
   </div>
   <div class='ocr_carea' id='block_1_8' title="bbox 0 0 1472 5060">
    <p class='ocr_par' dir='ltr' id='par_1_8' title="bbox 0 0 1472 5060">
     <span class='ocr_line' id='line_1_50' title="bbox 0 0 1472 5060; baseline 0 0"><span class='ocrx_word' id='word_1_432' title='bbox 0 0 1472 5060; x_wconf 95' lang='lat' dir='ltr'><strong> </strong></span> 
     </span>
    </p>
   </div>
  </div>
 </body>
</html>
