2912 5060
373 276 616 344 catalaunum
636 275 907 342 musivum
927 278 984 342 IX.
1187 271 1254 342 Μ

99 449 242 519 οοοὶωὶιι
267 447 343 512 nihil
373 458 502 527 prorsus
527 447 648 510 aulone
674 457 871 528 praesurnat,
907 447 966 510 sed
992 445 1140 524 sotam1)
1167 451 1250 530 quae

99 536 141 600 ad
162 553 235 600 error
256 534 394 614 pertinet
413 533 600 598 salvationis
618 551 724 596 caram
736 533 770 612 ²)
796 532 966 614 impendat.

186 737 268 802 Cum
295 737 412 797 multae
442 755 537 816 saper
555 735 809 798 incontinentiam
832 735 947 800 ¹ordinis
968 735 1149 798 clericorum
1168 733 1249 797 bac-

101 824 238 902 tenus³J
268 822 481 883 emanaverint
508 821 685 883 sentcntiae
712 831 834 903 patrum
863 832 896 885 et
916 823 1092 885 nallatenus
1111 819 1248 900 ipsorum

99 907 266 987 formari‘)
287 909 421 990 quiverit
443 907 595 968 correctio
616 919 743 990 murum,
764 928 865 990 usque
886 907 966 970 adeo
987 906 1176 969 sententiam
1192 903 1249 986 ju-

99 996 269 1059 dicantium
290 1001 469 1073 protraxere
492 991 660 1054 commissa
680 994 856 1076 talparum,
885 1003 920 1056 at
949 1012 1011 1056 non
1036 999 1155 1053 tantum
1182 991 1249 1052 l'er·

102 1091 186 1143 retur
198 1079 232 1158 ⁸)
253 1079 329 1142 ultio
351 1079 382 1139 in
404 1076 607 1154 actoribw)
627 1079 796 1160 scelerum,
816 1097 925 1142 veram
947 1087 981 1140 et
1001 1079 1033 1138 in
1053 1075 1202 1160 progenie
1212 1076 1247 1154 a)

101 1167 323 1230 damnatorum.
363 1161 500 1244 Ideoque
528 1161 656 1244 quilibet
684 1163 723 1224 ab
751 1166 900 1248 episcopo
926 1183 1028 1248 usque
1057 1161 1098 1224 ad
1117 1161 1248 1224 subdia-

102 1268 214 1314 conum
243 1249 393 1328 deinceps
418 1250 473 1309 vel
503 1267 545 1308 ex
575 1246 705 1309 ancillae
732 1251 786 1310 vel
815 1271 856 1312 ex
882 1251 1038 1333 ingenuae
1059 1245 1248 1308 detestando

102 1335 256 1413 connubio
285 1335 316 1394 iir
344 1333 463 1394 honore
483 1333 647 1395 constituti
668 1333 750 1397 filios
766 1337 1022 1416 procreaverint,
1047 1333 1091 1395 illi
1113 1331 1248 1415 quidem,

100 1443 119 1484 e
141 1421 254 1505 quibus
274 1419 373 1502 geniti
392 1419 611 1500 probabuntur,
633 1421 784 1482 canonica
801 1439 934 1484 censura
950 1420 1150 1501 damnentur3
1171 1435 1247 1500 pro-

100 1512 149 1571 les
170 1505 277 1570 autem
298 1505 353 1566 tali
364 1503 398 1582 ⁸)
426 1513 501 1566 nata
527 1503 697 1585 pollutione
717 1525 780 1568 non
800 1508 900 1568 solum
919 1513 1081 1587 parentum
1101 1501 1249 1566 haeredi-

101 1603 200 1658 tatem
221 1609 378 1672 nunquam
400 1589 590 1671 accipietl),
612 1591 670 1653 sed
691 1593 785 1653 etiam
802 1593 834 1654 in
854 1594 1008 1654 servitute
1022 1589 1076 1668 ¹⁰)
1097 1588 1166 1671 ejus
1187 1607 1247 1650 eo·

102 1679 241 1758 clasiae,
273 1675 313 1738 de
345 1672 434 1753 cujus
463 1675 638 1736 sacerdotis
664 1677 718 1738 vel
746 1677 875 1742 ministri
909 1675 1077 1764 ignominia
1095 1673 1150 1756 ¹¹)
1179 1675 1247 1740 nati

101 1774 193 1845 sunt,
219 1761 289 1844 jure
310 1759 634 1841 perenni‘manebunt.

648 1878 695 1942 XI

185 1965 248 2044 Qui
275 1984 316 2026 ex
342 1963 467 2026 familiis
496 1965 652 2028 ecclesiae
678 1966 823 2026 servituri
850 1966 1043 2029 devocantur
1062 1965 1093 2026 in
1120 1963 1247 2044 clerum,

100 2055 142 2118 ab
163 2051 322 2134 episcopis
343 2051 410 2112 suis
431 2050 583 2112 libertatis
603 2068 739 2114 necesse
761 2059 813 2112 est
832 2053 1004 2133 percipiant
1025 2050 1148 2130 donam,
1166 2058 1199 2111 et
1218 2051 1248 2112 si

98 2141 255 2204 honestae
279 2137 366 2201 vitae
394 2137 561 2201 claruerint
582 2134 720 2212 meritis,
748 2143 824 2200 tunc
844 2137 968 2201 demam
988 2135 1155 2216 majeribus
1176 2134 1250 2196 fun-

101 2233 216 2309 gantur
229 2220 360 2284 officiis:
382 2240 462 2304 quos
478 2239 555 2282 vero
571 2221 683 2304 flagitii
699 2220 907 2286 sordidaverit
925 2221 1141 2305 incorrigibilis
1154 2239 1249 2302 noxa,

101 2317 255 2393 perpetua
274 2307 415 2372 servitus
433 2305 619 2373 conditionis
640 2307 820 2390 religet'12)
841 2310 873 2374 ia
894 2317 1050 2374 catenam.

190 2513 228 2574 Si
254 2507 403 2572 sacerdos
430 2506 603 2570 libertatem
631 2511 734 2571 servis
760 2511 919 2574 ecclesiae
947 2509 1086 2572 conferre
1106 2509 1251 2590 volucrit,

105 2619 168 2664 non
190 2617 209 2660 s
230 2597 280 2658 die
300 2595 508 2658 confectionis
527 2613 605 2656 suae
625 2596 845 2680 scriptura¹³J
858 2606 982 2677 tempus
998 2613 1145 2658 annonam
1161 2613 1251 2656 com-

106 2693 250 2769 putatum
271 2681 409 2761 tenebit,
431 2680 489 2742 sed
510 2700 552 2741 ex
572 2699 634 2764 quo
655 2693 736 2763 erim,
758 2685 811 2764 qai
830 2684 1015 2766 scripturam
1035 2681 1173 2745 confecit
1186 2679 1251 2762 ¹⁴),

106 2773 211 2836 verius
231 2769 348 2831 obiisse
368 2768 552 2831 constiterit.

191 2961 388 3038 Excessibns
418 2969 594 3032 libertorum
630 2971 788 3034 ecclesiae
816 2971 997 3051 pleramque
1024 2969 1251 3052 patronam¹³)

107 3059 242 3122 vidimus
270 3056 437 3134 ecclesiam
465 3057 655 3138 convexari,
683 3065 717 3118 et
744 3055 864 3136 bicipiti
891 3057 995 3120 coacti
1015 3074 1124 3130 sumus
1145 3053 1252 3117 taedio

110 3141 294 3223 condolere,
322 3159 383 3202 uno
411 3141 483 3202 dum
504 3163 560 3222 per
581 3143 756 3224 superbiam
777 3141 958 3204 reluctantis
979 3150 1089 3204 auctor
1109 3149 1253 3204 oontem-

108 3231 191 3294 nitur
211 3227 361 3290 libertatis
373 3225 437 3308 ¹⁶),
457 3229 555 3288 altero
577 3225 649 3290 dum
669 3229 796 3288 libertas
817 3228 1024 3308 superbientis
1046 3228 1077 3288 in
1097 3226 1253 3288 conditio-

108 3336 180 3378 nem
201 3313 297 3377 relabi
317 3312 440 3396 cogitur
461 3314 641 3396 servitutis3
662 3311 741 3374 adeo
754 3309 808 3388 ¹⁷)
826 3331 897 3374 curn
913 3310 978 3392 jam
999 3311 1173 3390 praeteritis
1192 3329 1253 3390 pa-

109 3411 190 3465 trum
219 3399 337 3484 regulis
362 3400 478 3460 multae
505 3417 600 3482 super
625 3400 687 3460 hoc
707 3397 852 3459 diversae
872 3397 1104 3460 constitutionis
1124 3415 1253 3459 emana-

109 3484 213 3548 verint
240 3485 439 3564 sanctiones,
468 3493 573 3546 tsmen
601 3483 755 3564 quoddam
781 3483 821 3546 ad
840 3480 1061 3564 plenitudinem
1081 3481 1126 3544 rei
1147 3489 1254 3562 aptum

112 3571 334 3651 conspeximus
361 3567 462 3631 adhuc
489 3572 647 3632 innectere
675 3567 941 3650 complementum.
983 3568 1082 3651 Igitur
1101 3567 1185 3630 sicut
1205 3569 1255 3630 lc-

114 3665 190 3740 gum
217 3653 388 3718 reverenda
413 3655 534 3718 sanctio
559 3654 696 3734 censuit,
725 3655 769 3716 ita
790 3656 909 3718 servari
930 3654 1027 3716 totius
1048 3653 1174 3736 generis
1195 3673 1255 3716 no-

112 3743 218 3804 bilitas
245 3739 356 3820 dcbet,
385 3747 427 3826 ut¹
440 3741 470 3800 in
492 3741 573 3802 nullo
596 3741 697 3802 aliena
716 3741 895 3802 commixtio
915 3740 1071 3818 maculet,
1097 3737 1180 3818 quod
1200 3757 1257 3819 per

115 3823 215 3890 'totum
237 3826 439 3908 generositas·
454 3826 576 3906 propria
595 3825 777 3890 decoravit:
805 3824 887 3886 unde
908 3824 1032 3887 cunctis
1053 3821 1259 3888 ecclesiarum

112 3907 236 3975 libertis
251 3921 314 3972 tam
329 3911 405 3972 viris
421 3929 513 3992 quam
534 3911 678 3973 foeminis
698 3929 865 3992 eorumque
887 3909 1049 3992 propagini
1069 3907 1258 3974 interdicitur

108 3991 226 4081 judicio
251 3995 407 4081 generali,
435 4015 476 4058 ne
503 3996 653 4079 deinceps
680 4013 779 4060 wasa
799 3996 944 4060 connubii
964 4002 1019 4058 aut
1036 3994 1190 4060 Romanis
1208 3994 1262 4060 in-

151 4215 179 4284 l)
195 4216 277 4268 atron
293 4216 343 4272 M..
371 4245 407 4258 -
447 4218 477 4284 ²)
495 4233 582 4270 coram
597 4219 737 4270 salutarem
754 4216 782 4268 in
799 4233 833 4268 ιιι.
850 4217 887 4270 Μ.
922 4247 956 4258 --
1002 4217 1031 4286 ³)
1049 4234 1125 4286 capus
1141 4219 1261 4272 Mamas

183 4283 216 4340 C.
233 4284 310 4352 Hisp.
326 4285 446 4352 (praeter
464 4288 527 4356 A.)‚
552 4294 578 4338 et
595 4287 632 4338 Μ.
675 4317 706 4328 -
758 4287 788 4352 ⁴)
804 4288 943 4352 reseratori
960 4290 992 4340 al.
1009 4285 1110 4350 timrei
1126 4289 1154 4340 in
1171 4305 1205 4344 ιιι.
1223 4291 1261 4343 Μ.

150 4355 179 4422 ⁵)
197 4357 323 4430 sciretur
338 4355 365 4408 in
384 4375 418 4410 ra.
436 4359 473 4412 Μ.
521 4387 556 4396 -
610 4359 638 4421 θ)
658 4357 803 4410 stratoribus
819 4357 845 4410 iu
864 4363 901 4422 t.,
918 4364 1034 4410 erectores
1057 4359 1086 4416 ia
1102 4375 1137 4414 tn·
1153 4360 1191 4416 Μ.
1225 4389 1261 4403 -

168 4423 343 4497 )propsaicnt
360 4427 387 4478 in
408 4443 443 4478 m.
459 4429 496 4480 Μ.
538 4456 573 4465 -
614 4429 642 4491 ⁸)
659 4429 758 4490 olitano,
782 4428 815 4478 al.
832 4427 878 4480 lonc
895 4427 923 4482 iu
940 4445 975 4482 ιιι.
992 4428 1029 4480 Μ.
1070 4459 1105 4470 -··
1150 4429 1180 4495 ⁹¹)
1199 4447 1262 4482 arta-

185 4509 259 4560 qoonr
276 4497 386 4562 incipiat
405 4497 441 4550 Μ.
478 4527 512 4536 -
546 4495 595 4563 1⁰)
610 4497 756 4548 sevitutem
772 4496 809 4547 Μ.
838 4525 873 4535 ——
907 4499 956 4564 ΙΙ)
973 4500 1110 4563 ipsominlo
1126 4498 1154 4552 in
1172 4517 1206 4552 ur.
1224 4501 1263 4554 Μ.

133 4563 182 4632 1²)
199 4564 291 4628 relepct
308 4565 345 4618 M.
381 4565 715 4634 -‚1o)sortpueaeln;
751 4596 785 4606 —-
824 4566 872 4632 Ν)
890 4569 988 4632 conficit
1003 4569 1041 4622 Μ.
1075 4597 1110 4608 -
1148 4569 1264 4638 Νησ-

188 4634 331 4687 continendi
346 4638 385 4690 Μ.
421 4667 456 4676 -
490 4636 544 4704 1⁶)
557 4633 685 4688 libertatis
702 4637 774 4688 deest
792 4652 833 4704 ap.
851 4635 888 4688 M.
924 4669 958 4679 -
991 4641 1040 4704 Η)
1057 4638 1114 4692 idco
1131 4639 1158 4692 in
1177 4656 1211 4694 m.
1229 4641 1266 4694 Μ.
