2880 5050
231 243 296 308 37⁰
484 239 727 306 CONCMUM
749 237 1021 306 contratrum
1042 238 1132 302 XVl.

233 413 341 478 causis
361 411 539 476 sententiae
560 411 755 494 enitescant,
773 407 833 474 aed
854 415 888 470 et
908 426 993 480 nunc
1013 424 1095 488 quae
1116 405 1267 488 tempori
1291 403 1401 468 ordini·

234 518 296 582 que
324 490 497 580 congruent
514 493 547 576 ι)
579 495 720 558 ordinato
745 492 815 574 jure
843 491 1036 556 instituenda
1063 500 1145 556 suut
1189 491 1298 552 'Nam
1331 493 1399 552 sicut

234 581 402 662 antiquitas
430 579 470 642 de
497 582 605 644 causis
635 580 851 662 ingruentibus
878 578 983 638 edicta
1010 575 1194 640 multimoda
1212 575 1349 656 edidit,
1370 577 1400 634 ita

233 684 316 728 nuuc
338 664 434 726 nostri
455 665 603 746 temporis
623 674 714 726 aetas
736 663 775 724 de
797 663 864 744 his,
891 680 972 742 quae
994 669 1176 740 occurrunt,
1209 667 1253 722 ut
1279 659 1400 735 fiaut²l

234 749 391 816 convenit.
432 745 629 830 Quapropter
650 747 682 810 in
702 746 803 810 medio
826 755 938 810 coetus
957 747 1055 811 nostri
1077 743 1219 809 deducta
1246 753 1309 806 est
1331 763 1400 824 quo-

234 833 375 920 rumdam
396 831 590 894 cousuetudo
611 829 784 894 inordinata
811 831 1025 911 sacerdotum,
1053 831 1105 910 qui
1124 829 1314 910 parochias
1334 849 1400 890 suas

235 916 460 982 ultramodum
481 915 615 978 diversis
636 915 855 978 exactionibus
875 915 928 976 vel
949 913 1086 998 angariis
1110 915 1331 995 comprimunt
1351 915 1398 974 rel

237 1003 320 1086 quod
349 1003 546 1084 quamplures
577 1001 735 1064 ecclesiae
765 1000 938 1063 destitutae
975 999 1146 1080 persistant
1160 999 1208 1078 ³).
1286 998 1398 1060 Idcirco

158 1159 161 1164 ¹
236 1089 309 1150 uuio
331 1096 458 1148 nostrae
480 1081 677 1148 adunationis
690 1083 726 1164 ⁴)
755 1084 894 1146 decernit
915 1093 1009 1166 atque
1029 1083 1180 1164 instituit,
1212 1093 1254 1148 ut
1288 1083 1397 1157 tertias

236 1191 317 1258 quas
351 1169 471 1252 antiqui
502 1189 641 1232 canones
676 1167 717 1232 de
733 1166 900 1250 parochiis
929 1169 997 1232 suis
1032 1168 1196 1230 habendas
1235 1170 1396 1249 episcopis

189 1317 196 1326 ,
237 1263 452 1335 censuerunt,
480 1255 510 1318 si
536 1273 593 1320 eas
620 1253 795 1338 exigendas
822 1253 1024 1334 crediderint,
1055 1254 1094 1314 ab
1122 1254 1203 1332 ipsis
1237 1254 1393 1334 episcopis

235 1335 395 1418 dimtael)
411 1339 567 1402 ecclesiae
585 1349 780 1420 repetentum
800 1337 829 1402 si
848 1357 925 1410 vero
946 1357 1003 1402 eas
1022 1337 1184 1400 maluerint
1204 1337 1352 1402 credere
1361 1335 1391 1414 ⁵).

237 1427 276 1492 ab
298 1425 477 1488 earumdem
503 1421 707 1488 ecclesiarum
733 1423 901 1486 cultoribus
927 1425 986 1500 sul)
1015 1442 1089 1486 cura
1117 1430 1150 1484 et
1179 1423 1391 1486 sollicitudine

237 1512 288 1576 sui
313 1509 472 1592 pontilicis
497 1509 650 1605 reparatio
677 1509 797 1572 eisdem
826 1517 876 1570 est
897 1507 1073 1570 adhibenda
1093 1508 1247 1572 basilicis.
1314 1505 1391 1586 Quot

238 1599 267 1660 si
292 1615 400 1660 omnes
422 1593 581 1658 ecolesrae
602 1603 657 1658 aut
685 1593 857 1658 incolumes
884 1593 998 1654 fuerint
1026 1601 1080 1654 aut
1109 1612 1189 1672 quae
1222 1594 1357 1656 dirutae
1368 1591 1389 1668 ⁸]

238 1689 328 1744 erant
347 1689 509 1765 reparatae
533 1677 711 1762 extiterint,
739 1675 912 1742 secundum
940 1678 1134 1758 antiquorum
1162 1697 1333 1745 canonum
1354 1677 1390 1738 iu-

236 1767 350 1830 stituta
377 1761 487 1828 tertias
515 1765 574 1828 sibi
603 1763 725 1828 debitas
754 1765 969 1845 unusquisqne
999 1763 1168 1843 episcopus
1197 1762 1230 1824 si
1262 1761 1390 1826 voluerit

239 1849 386 1932 assequi,
412 1849 547 1914 facultas
568 1844 616 1926 ¹illi
644 1847 819 1912 omrrimoda
848 1849 923 1926 erit,
956 1849 1001 1910 ita
1028 1845 1206 1928 videlicet,
1246 1857 1286 1910 ut
1325 1847 1390 1910 citra

237 1933 325 2016 ipsas
354 1936 463 1996 tertias
490 1934 592 1996 nullus
620 1932 837 2013 episcoporum
863 1932 1018 2014 quidpiam
1039 1952 1094 2012 pro
1116 1933 1212 2014 regiis
1231 1932 1270 2012 ⁷)
1293 1929 1412 2016 inqui,

238 2017 402 2082 sitionibus
424 2038 444 2079 a
464 2015 675 2098 parochitanis
703 2015 851 2080 ecelesia
877 2015 1003 2100 exigat,
1031 2017 1167 2098 nihilque
1190 2016 1233 2078 de
1259 2015 1390 2098 praediis

236 2102 374 2184 ipsarum
390 2099 592 2164 ecclesiarum
609 2099 753 2182 cuiquam
774 2098 889 2182 aliquid
910 2120 1009 2164 causa
1029 2099 1175 2182 stipendii
1198 2102 1281 2166 dare
1304 2122 1390 2184 prae-

238 2191 349 2247 sumat.
406 2183 473 2246 Sed
501 2193 533 2246 et
562 2183 623 2247 hoe
653 2183 835 2248 necessario
869 2183 1094 2248 instituendum
1124 2187 1337 2270 delegimus,
1362 2195 1389 2248 ut

237 2271 343 2352 plures
364 2265 521 2358 ecclesiae
543 2269 596 2329 uui
616 2289 812 2352 nequaquam
834 2273 1064 2334 committantur
1083 2273 1296 2356 presbytero,
1328 2270 1389 2354 quia

238 2356 326 2417 solus
352 2374 408 2436 per
434 2363 519 2416 totos
547 2354 703 2418 eeclesias
731 2374 792 2438 uec
819 2354 955 2434 officium
981 2358 1068 2420 valet
1093 2357 1309 2438 persolvere,
1340 2371 1413 2440 nec}

236 2437 360 2524 populis
388 2439 575 2504 sacerdotali
597 2437 666 2520 jure
695 2459 873 2522 occurrere,
902 2439 961 2502 sed
987 2461 1049 2502 nee
1076 2443 1169 2502 rebus
1198 2461 1313 2504 earum
1342 2463 1390 2503 ne·

238 2527 409 2588 cessariam
437 2543 543 2605 cruam
569 2521 767 2606 impendere:
796 2544 835 2586 ea
862 2523 1149 2606 scilicetsatione,
1178 2535 1215 2586 ut
1245 2525 1391 2604 ecclesia,

237 2611 318 2694 quae
346 2630 447 2692 usquc
470 2607 510 2672 ad
531 2609 642 2670 decem
663 2609 807 2672 habuerit
828 2611 997 2692 mancipia,
1024 2630 1119 2690 super
1139 2629 1176 2672 se
1196 2611 1325 2676 habeat
1346 2632 1392 2674 sa-

238 2693 417 2776 cerdotem,
444 2703 525 2776 quae
553 2712 630 2754 vero
655 2695 760 2759 minus
794 2691 907 2756 decem
940 2689 1095 2775 mancipia
1125 2695 1274 2760 habuerit
1285 2743 1297 2779 ,
1331 2700 1391 2760 alin

237 2779 444 2862 conjungatur
466 2777 623 2840 ecclesiis.
663 2779 791 2862 Siquis
812 2798 891 2842 sane
913 2777 1125 2860 episcopus⁸)
1146 2781 1231 2844 hauc
1253 2793 1389 2844 nostram

236 2862 462 2936 institutionem
483 2859 731 2946 parvipenderit,
760 2872 793 2926 et
814 2862 966 2946 quispiam
980 2863 1014 2944 ⁰)
1040 2863 1153 2928 exinde
1176 2868 1390 2934 temerandum
1413 2925 1414 2950 ,

238 2946 412 3030 crediderit,
432 2945 560 3034 duorum
576 2949 729 3010 mensium
746 2949 858 3028 spatiis
876 2969 913 3012 se
929 2951 1051 3012 noverit
1070 2949 1390 3014 excommunicatione
1413 2977 1414 2992 .

235 3031 394 3114 mulctari,
426 3029 471 3112 ita
499 3050 628 3112 nempe,
658 3043 694 3094 ut
720 3042 888 3118 postquam
915 3035 953 3096 ab
970 3031 1024 3113 ¹⁰)
1059 3035 1389 3100 excommunicationis

236 3117 401 3180 interdicto
423 3115 464 3178 ad
486 3113 601 3178 ordinis
623 3113 672 3178 sni
692 3117 880 3180 remeaverit
900 3119 1021 3200 locum,
1035 3119 1183 3192 'cunctas
1208 3119 1311 3204 hujus
1340 3141 1388 3184 ca·

235 3201 326 3266 nonis
347 3199 527 3294 sanctiones
548 3197 650 3266 modis
670 3203 813 3277 omuibus
833 3202 1108 3286 studeatimplere
1125 3203 1190 3284 ¹¹).

784 3321 840 3384 Vl.

321 3401 415 3472 Licet
435 3397 554 3468 ra'ultae
574 3413 756 3468 sanatomm
775 3414 895 3487 patrum
916 3407 947 3467 iu
968 3406 1031 3468 tide
1052 3415 1165 3470 sancta
1185 3407 1274 3470 nobis
1292 3425 1388 3485 prae-

235 3490 415 3555 cedentium
433 3490 580 3553 derebus
596 3489 787 3553 necessariis
805 3489 984 3574 sententiae
1004 3491 1265 3572 promanaverint,
1281 3499 1387 3552 tamen

236 3573 365 3655 qniaet
385 3595 469 3638 nuuc
490 3593 591 3656 usque
611 3575 844 3656 numerosalt)
855 3578 935 3638 ultra
949 3595 1041 3658 quaro
1064 3587 1192 3660 oportet
1208 3576 1277 3638 fieri
1293 3595 1386 3657 prae-

234 3668 424 3740 noscuntur,
454 3659 534 3720 adeo
551 3658 606 3737 ¹³)
631 3659 844 3722 necessarium
870 3659 1017 3723 duximus
1042 3663 1158 3725 illicitis
1179 3663 1311 3724 ausibus
1329 3681 1384 3742 po·

234 3765 310 3811 nere
348 3745 519 3808 teuniuum
589 3742 656 3807 Ad
677 3756 853 3808 conventus
894 3748 1010 3811 etenim
1054 3745 1153 3810 nostri
1196 3745 1383 3828 agnitionem

233 3829 372 3895 delatum
394 3839 461 3911 est,
483 3828 634 3910 quarn)
655 3830 687 3890 iu
708 3827 892 3910 quibusdam
915 3830 1134 3910 Hispaniarum
1156 3833 1296 3911 partibus
1319 3829 1383 3912 qui·

234 3913 306 3977 dam
327 3915 541 3993 sacerdotum,
568 3917 679 3993 partim
700 3913 876 3977 nescientia
901 3911 1054 3998 impliciti,
1086 3916 1197 3996 partim
1224 3917 1382 3982 temerario

222 4012 315 4059 'ausu
336 3996 593 4077 provocitati¹³),
608 4017 671 4058 nou
691 4017 790 4078 panes
811 4000 943 4061 mundos
960 4009 994 4062 et
1009 4002 1110 4080 exst)
1128 3999 1231 4064 studio
1252 4019 1383 4082 praepa-

232 4090 320 4145 ratos
346 4100 441 4162 supra
467 4100 608 4144 mensam
634 4081 748 4144 domini
773 4085 805 4145 in
832 4084 986 4147 sacrificio
1008 4085 1155 4166 offerant,
1177 4085 1236 4148 sed
1257 4087 1382 4166 passim,

234 4219 433 4238 *uu-nd·—

272 4298 301 4370 1)
317 4306 454 4364 construunt
472 4298 508 4350 M.
544 4327 580 4337 -
608 4295 753 4364 ⁵²)'fociat
769 4298 808 4350 Μ.
844 4328 880 4338 -
926 4302 955 4372 ³)
972 4301 1113 4370 persistunt
1129 4301 1168 4352 Μ.
1201 4330 1236 4342 -
1277 4301 1306 4370 ⁴)
1324 4305 1382 4354 nnio

303 4369 505 4434 conqrcqote'orn's
521 4366 550 4419 iu
566 4383 601 4419 ru.
619 4365 656 4418 M.
691 4391 726 4405 —
774 4367 803 4436 ὅ)
820 4369 925 4422 reddere
941 4371 979 4424 M.
1016 4400 1051 4410 —
1094 4369 1123 4442 θ)
1142 4371 1261 4440 ‹liraptoe
1278 4371 1313 4424 M.
1350 4397 1381 4410 -

271 4438 299 4505 l)
317 4439 385 4505 repis
401 4438 440 4488 Μ.
477 4464 512 4475 -
555 4433 584 4504 ⁸)
602 4438 776 4504 episcopocum
792 4433 829 4490 M.
865 4467 901 4478 --
943 4441 972 4510 ⁹)
990 4441 1120 4508 quidpiam
1137 4439 1174 4492 M.
1208 4445 1244 4480 '-
1283 4439 1332 4506 10)
1350 4439 1381 4489 ab

303 4507 402 4559 tooM.
425 4525 460 4548 ¹—-
491 4503 540 4569 11)
558 4508 698 4572 adimplere
713 4507 750 4558 M.
777 4538 812 4548 -
847 4509 897 4576 Η)
914 4525 1063 4562 numerosae
1079 4509 1116 4561 M.
1141 4541 1176 4550 -
1205 4506 1254 4574 ¹³)
1273 4507 1327 4560 ideo
1344 4509 1381 4560 M.

250 4577 482 4645 utaequa-M».
517 4601 552 4614 ··-
592 4575 839 4642 ¹³)prooocart1tt
875 4608 910 4618 --
944 4575 1214 4662 ro)0„0m·g,pq‚¹
1237 4587 1303 4616 ..Α
