2912 5060
343 253 591 346 ,coucnmu
611 255 979 328 mmrnnmrvm
1176 259 1242 330 aar

87 455 110 502 a
130 430 255 500 dommo
275 431 402 496 solidari
418 439 599 514 praeoptat,
618 431 648 494 si
669 430 843 497 catholicae
863 429 938 496 fidei
956 429 1151 514 pereuntium
1171 440 1241 496 tur-

87 543 159 585 mas
181 519 340 601 acquirat,
361 519 520 603 indignum
540 526 691 598 reputans
704 516 737 595 ¹)
766 519 957 580 orthodoxae
978 517 1052 580 fidei
1071 519 1242 600 principem

86 608 254 688 sacrilegis
275 607 435 686 imperare,
455 603 654 685 fideliumque
671 603 795 684 plebem
812 603 979 666 infidelium
998 605 1153 664 societate
1169 605 1242 683 pol-

88 695 175 756 luere
186 692 236 772 ²),
258 691 333 752 nihil
353 689 435 752 aliud
456 709 510 770 pro
532 689 582 752 his
604 708 646 750 ex
666 697 774 750 nostra
795 690 953 750 sententia
973 687 1126 769 definitur,
1147 707 1241 770 quam

89 788 125 840 ut
146 778 275 840 decreta
295 777 418 840 concilii
434 775 577 838 Toletani
590 773 640 854 ³),
668 773 751 856 quod
772 773 865 836 divae
885 775 1053 836 memoriae
1074 775 1242 838 sisenandi

20 867 22 874 ⁴
89 865 177 948 regis
198 870 410 945 aggregatum
431 869 483 922 est
503 869 659 940 tempore,
690 877 710 919 a
736 859 826 920 nobis
847 876 886 920 ac
906 859 1043 938 posteris
1065 859 1240 922 omnimoda

89 949 292 1030 suppleantur
312 947 502 1008 intentione:
531 947 673 1026 quisquis
695 953 802 1006 autem
823 945 862 1006 ab
885 943 1026 1023 ejusdem
1044 944 1158 1026 synodi
1177 964 1241 1006 vo-

89 1035 181 1096 luerit
206 1033 364 1095 sententia
383 1031 567 1112 dissentire,
592 1039 628 1094 ut
648 1049 726 1094 vere
746 1029 936 1112 sacrilegum
958 1048 995 1092 se
1017 1031 1139 1094 noverit
1159 1049 1240 1092 con-

89 1118 237 1182 damnari.

622 1199 698 1261 XIII

174 1285 308 1350 Divinae
328 1283 475 1346 trinitatis
495 1284 702 1366 inseparabile
722 1302 835 1348 nomen
856 1285 940 1348 sicut
959 1285 1160 1368 inspiratione
1180 1285 1243 1348 mi-

91 1375 178 1439 rabili
197 1381 371 1435 nostrorum
392 1379 581 1432 tractatuum
602 1371 764 1452 primordia
783 1371 959 1452 lineavit4),
981 1372 1024 1432 ita
1042 1391 1243 1434 consumma-

91 1463 176 1523 tione
203 1457 325 1520 sublimi
351 1454 507 1535 eadem⁵J
531 1454 597 1535 jam
621 1455 811 1536 perficiendo
833 1456 1052 1538 concludier),
1081 1465 1118 1518 ut
1138 1458 1169 1517 in
1189 1459 1241 1518 illo

79 1548 134 1609 'sit
155 1553 295 1606 nostrum
316 1543 517 1623 explicuisse,
539 1561 559 1602 a
574 1559 634 1622 quo
657 1543 746 1604 nobis
768 1542 866 1603 adfuit
886 1540 1100 1619 inchoasset).
1121 1542 1241 1604 Damus

94 1649 169 1712 ergo
205 1629 333 1710 gloriam
366 1635 399 1687 et
431 1627 579 1688 honorem
608 1627 710 1690 eidem
737 1635 868 1690 sanctae
896 1636 991 1707 atque
1018 1627 1195 1689 indivisibili
1206 1628 1241 1706 ⁸)

92 1715 239 1794 trinitati,
265 1732 346 1794 quae
371 1713 461 1774 nobis
482 1720 516 1773 et
539 1732 580 1774 ex
601 1731 638 1774 se
651 1711 684 1792 ⁰)
712 1711 816 1774 dicere
843 1714 973 1774 contulit
993 1721 1026 1774 et
1045 1715 1077 1774 in
1097 1733 1134 1775 se
1157 1713 1242 1774 dicta

97 1799 282 1880 complevit,
310 1813 392 1879 quae
419 1797 598 1859 reformavit
619 1799 650 1859 in
671 1800 869 1860 extremitate
890 1799 1086 1860 saeculorum
1105 1799 1244 1860 remedia

94 1887 249 1967 pietatum
277 1892 310 1944 et
338 1883 468 1944 resolvit
495 1884 643 1966 ligamina
668 1885 859 1946 vinculorum
887 1885 1101 1946 collationibus
1123 1885 1262 1966 gratia·'

94 1991 170 2034 rum.
212 1969 309 2031 Salus
330 1967 428 2047 et¹⁰)
456 1969 633 2032 benedictio
655 1971 694 2030 ab
715 1970 907 2032 exercituum
928 1970 1049 2031 domino
1071 1989 1166 2050 super
1186 1988 1245 2030 se-

94 2057 290 2120 renissimum
304 2053 574 2126 Receesvinthum
594 2055 763 2136 prinoipem
784 2056 1055 2138 gloriosissimum
1076 2056 1244 2138 gratianum

95 2143 179 2205 actio
214 2148 247 2202 et
280 2141 477 2202 reverentiae
505 2140 664 2220 plenitudo
693 2161 713 2202 a
739 2143 829 2203 uobis
855 2142 996 2202 omnibus
1021 2142 1053 2201 irr
1081 2159 1244 2203 commune

95 2229 156 2308 ipsi
189 2227 431 2288 clementissimo
461 2227 591 2306 principi
623 2228 772 2288 bonorum
801 2226 943 2309 gratifico
970 2227 1124 2308 largitori,
1153 2226 1244 2306 cujus

95 2322 239 2374 votorum
275 2313 424 2372 instantia
461 2313 598 2394 benigna
628 2311 707 2373 deus
739 2313 842 2374 attulit
872 2312 1119 2392 complementa,
1153 2312 1244 2392 cnjus

97 2394 327 2476 disposition)
354 2396 494 2474 piissima
519 2415 731 2477 pressurarum
757 2398 890 2458 removit
910 2398 1023 2478 exitia,
1048 2396 1138 2477 cujus
1160 2403 1245 2460 tem-

96 2483 223 2566 poribus
240 2479 380 2541 conferat
391 2482 502 2564 vigere
517 2482 672 2562 justitiam
684 2481 737 2561 ¹²)
759 2492 792 2544 ct
812 2483 983 2544 exuberare
1003 2482 1244 2544 misericordiam

97 2568 284 2648 opulentam,
306 2564 421 2644 cui¹³)
442 2575 515 2646 post
534 2567 710 2648 praesentis
731 2568 804 2628 aevi
823 2577 962 2648 tempora
984 2566 1156 2628 diuturnam
1173 2587 1244 2630 eum

96 2653 218 2718 sanctis
239 2651 380 2713 omnibus
399 2652 513 2713 tribuat
533 2655 564 2713 in
585 2654 833 2714 remuneratione
852 2671 1006 2716 coronam.
1045 2653 1116 2714 Nos
1139 2661 1244 2716 autem

96 2755 206 2800 omnes
232 2735 314 2799 hanc
340 2736 534 2799 decretorum
561 2748 733 2800 nostrorum
760 2741 873 2800 seriem
902 2759 944 2800 ex
969 2745 1077 2800 rectae
1103 2737 1244 2818 fideiss)

96 2826 149 2886 vel
170 2824 298 2904 pietatis
319 2841 358 2884 ac
375 2821 518 2903 justitiae
539 2823 625 2885 fonte
646 2833 822 2886 manantem
849 2843 953 2886 coram
974 2824 1034 2885 deo
1064 2831 1098 2884 et
1124 2825 1245 2887 sanctis

97 2911 220 2992 angelis
249 2907 334 2988 ejus,
363 2907 543 2970 orthodoxis
571 2911 713 2971 omnibus
740 2918 774 2970 et
802 2929 886 2972 nunc
913 2919 946 2971 et
971 2910 1002 2970 in
1028 2909 1164 2970 futurum
1183 2911 1246 2970 im-

96 2993 285 3075 pensissime
304 2994 571 3076 commendamus,
593 2997 798 3056 obsecrantes
819 2996 956 3075 enixius,
978 3002 1015 3054 ut
1034 2995 1117 3056 hanc
1136 3003 1170 3055 et
1191 3015 1246 3056 re-

98 3087 244 3140 verenter
264 3075 453 3158 adimpleant
472 3088 506 3142 et
527 3082 565 3143 ab
587 3081 717 3142 aemulis
731 3081 930 3163 benigne¹⁵)
944 3080 1127 3162 defendant3
1145 3079 1246 3160 et¹⁶)

99 3164 371 3226 contemnentibus
386 3183 454 3226 eam
470 3166 596 3228 divinae
612 3167 792 3228 severitatis
811 3167 887 3228 ultio
908 3165 1053 3246 pavenda
1072 3167 1246 3246 proveniat,

98 3249 337 3312 observantibus
364 3258 469 3312 autem
496 3252 706 3315 misericordia
733 3251 891 3331 profluens
897 3297 908 3333 ,
940 3270 1004 3331 pax
1029 3259 1182 3331 perpetua
1211 3257 1247 3314 et

97 3336 198 3418 gloria
224 3335 412 3415 sempiterna
437 3338 608 3420 contingat.
654 3335 757 3416 Hujus
778 3353 902 3416 quoque
921 3337 1100 3396 sententiae
1120 3337 1248 3398 fortitu-

96 3421 170 3484 dine
191 3421 244 3482 vel
265 3422 372 3482 valore
395 3421 513 3484 decreti
536 3423 634 3484 nostri
655 3423 785 3501 seriem,
806 3437 900 3502 quam
920 3421 950 3481 in
973 3421 1164 3482 serenissimi
1186 3421 1247 3482 do-

97 3506 173 3568 mini
199 3507 298 3565 nostri
317 3505 546 3569 Reccesvintbi
564 3509 649 3590 regis
672 3506 890 3585 edidimusll)
910 3507 1049 3587 nomine,
1076 3525 1131 3586 pro
1152 3509 1246 3570 rebus

99 3609 120 3650 a
141 3589 234 3650 divae
253 3593 420 3650 memoriae
447 3600 535 3672 patra
563 3611 621 3655 suo
652 3591 791 3674 quolibet
818 3585 906 3654 titulo
926 3592 1111 3673 conquisitis
1133 3592 1247 3656 decer-

99 3673 202 3736 nimus
223 3673 346 3734 omnino
366 3685 520 3738 constare.
560 3680 682 3761 Legem
704 3677 856 3757 denique,
881 3695 973 3758 quam
993 3695 1049 3758 pro
1071 3678 1247 3740 coercenda

96 3758 269 3841 principum
290 3757 442 3822 horrenda
462 3759 632 3843 eupiditate
651 3763 735 3824 idem
757 3763 1019 3824 clementissimus
1042 3761 1139 3824 edidit
1158 3764 1246 3843 prin-

96 3861 193 3925 cepS,
220 3843 312 3906 simili
331 3847 440 3910 robore
460 3847 633 3929 firmamus,
662 3855 758 3928 atque
778 3855 814 3907 ut
834 3847 865 3907 in
885 3847 997 3909 lirturis
1017 3855 1098 3909 retro
1120 3855 1246 3928 tempo-

95 3931 180 3993 ribus
195 3929 297 3991 modis
316 3933 458 3996 omnibus
475 3935 668 4016 observetur,
688 3932 755 4014 pari
775 3933 932 3995 sententia
948 3931 1121 3996 definimus.
1153 3931 1245 4012 Quae

95 4071 296 4090 m

128 4151 299 4270 ¹.),Wllllissff
316 4149 391 4200 deest
407 4147 529 4270 asapgll.e
547 4177 583 4271 1,ss
599 4147 810 4275 pegipimperrnge
828 4151 1013 4274 egzlrrpidelirm:
1024 4155 1146 4274 roglr'etute
1162 4155 1245 4238 pallei

210 4237 246 4271 m.
294 4252 302 4268 .
336 4247 372 4257 -
480 4236 538 4270 on.
693 4259 700 4272 .
735 4259 741 4272 .
801 4251 836 4260 -
878 4259 885 4273 .
920 4244 956 4262 -·

163 4237 199 4340 t.
216 4289 255 4339 n.
277 4314 314 4326 -..
349 4287 378 4356 ι)
395 4223 638 4341 .da..1rrr.⁰-
674 4289 703 4358 a
719 4237 853 4343 idam
870 4291 934 4344 aar
956 4319 993 4331 -
1017 4224 1058 4361 'vi
1075 4233 1246 4346 Mittit

131 4355 161 4422 ⁸)
180 4355 304 4408 invisibili
320 4355 348 4408 in
364 4375 399 4409 m.
418 4357 456 4408 M.
496 4387 532 4397 —
577 4357 837 4423 ”leodinensem
856 4365 883 4426 t,
901 4360 1138 4418 aobiaetllneein
1155 4381 1190 4418 m.
1207 4365 1246 4418 M.

91 4426 160 4494 ⁶1⁰)
179 4425 249 4492 (om.
266 4441 332 4480 roca
350 4427 543 4493 collationibus)
566 4426 610 4478 stt
624 4432 770 4494 pretiorum
788 4433 855 4482 actio
864 4468 874 4496 ,
895 4434 968 4484 soluo
984 4437 1010 4483 et
1033 4434 1070 4486 Μ.
1105 4460 1141 4474 -

109 4495 161 4563 11)
179 4497 346 4563 dispositione
362 4497 408 4548 AE.
424 4496 481 4550 BR.
499 4495 567 4548 nr.
584 4495 618 4548 Τ.
631 4499 672 4562 1.,
690 4505 719 4551 et
733 4501 771 4552 M.
805 4528 840 4540 -
878 4503 926 4569 ¹²)
943 4504 1043 4572 confert
1052 4497 1160 4574 joutitie
1176 4502 1247 4568 otpo-

163 4581 217 4616 reia
235 4565 263 4620 in
280 4583 314 4620 m.
331 4566 369 4619 M.
410 4592 446 4604 -
496 4565 545 4631 1³)
565 4565 681 4620 dontinus
697 4569 757 4622 add.
774 4568 802 4622 in
819 4587 855 4622 m.
874 4567 911 4622 M.
951 4599 986 4612 -
1031 4572 1080 4638 1⁴)
1097 4571 1157 4636 pidet
1173 4572 1247 4632 docet

162 4652 205 4703 ap.
222 4635 261 4688 M.
287 4665 322 4675 —
357 4631 405 4698 Ν)
424 4633 556 4686 eeteeAE.
581 4664 618 4676 -
650 4637 699 4705 ιθ)
717 4644 743 4690 et
759 4639 834 4692 deest
851 4655 893 4708 ap.
911 4640 948 4692 M.
970 4670 1005 4680 -
1031 4641 1194 4714 “ladmen
1210 4629 1247 4692 M.
