2916 5050
207 237 271 308 rro
457 229 845 332 ⁴oonnraotunano
865 229 1103 318 inuoluta.

206 425 286 474 neos
317 411 373 477 aut
401 423 547 490 paganos
574 404 733 478 ecclesiae
757 404 953 492 praetulerit,
986 404 1099 468 saltem
1128 411 1364 486 postmortem

123 535 128 548 ·
205 495 373 560 anathema
400 493 431 555 ei
459 492 597 574 dicatur,
629 500 725 572 atqua
752 489 822 572 ejus
847 507 961 554 nomeu
989 489 1070 552 inter
1098 487 1151 552 dei
1176 490 1364 556 sacerdotes

206 581 289 648 nullo
309 577 402 642 modo
422 579 579 640 recitetur.
618 577 693 640 Nee
721 576 866 640 excusari
892 575 1015 656 possit,
1044 575 1073 638 si
1103 575 1273 640 intestatus
1300 577 1363 640 de-

205 665 341 729 cesserit
352 662 402 744 1),
435 663 509 744 quia
535 661 644 742 utique
665 661 772 724 debuit
793 658 897 724 factus
918 661 1087 741 episcopus
1109 661 1154 722 rei
1174 679 1253 724 suae
1274 663 1362 727 ordi-

202 753 364 816 nationem
385 755 555 832 congruam
577 764 655 810 suae
676 745 862 828 professioni
882 761 1078 827 nequaquem
1099 743 1232 810 differre.

487 863 662 929 LXXXII.
693 863 745 928 De
765 863 1075 927 manumissionibus.

288 953 368 1018 Item
388 949 524 1033 placuit,
551 959 586 1012 ut
607 951 647 1012 de
668 949 960 1013 manumissionibus
980 953 1012 1012 in
1034 947 1172 1012 ecclesia
1192 948 1365 1015 celebran-

21 1035 25 1040 ’
143 1123 144 1126 ¹
205 1039 256 1116 dis
277 1039 316 1101 ab
338 1039 523 1118 imperatore
544 1043 676 1115 petatur.

170 1217 176 1227 ,
388 1143 581 1210 LXXXIII.
615 1143 667 1206 De
681 1143 788 1226 falsis
809 1145 968 1229 memoriis
988 1149 1173 1226 martyrum.

290 1232 368 1293 Item
388 1232 519 1312 placuit,
547 1237 582 1292 ut
603 1229 755 1308 altaria²)
783 1247 864 1311 quae
890 1231 1010 1310 passim
1037 1249 1093 1310 per
1120 1245 1214 1314 agros
1240 1237 1276 1292 et
1300 1249 1359 1314 per

116 1321 121 1330 '
204 1317 275 1380 vias
288 1316 322 1396 ³)
351 1325 499 1397 tanquam
524 1317 691 1378 memmiae
716 1325 884 1397 martyrum
909 1316 1155 1396 constituuntur,
1184 1315 1217 1376 in
1243 1317 1358 1396 quibus

202 1403 319 1464 nullum
348 1420 460 1482 corpus
490 1411 545 1463 aut
570 1401 718 1481 reliquiae
745 1409 914 1482 martynum
939 1401 1085 1462 conditae
1105 1399 1286 1483 probantur,
1315 1405 1379 1468 en*

203 1485 360 1569 episcopis
382 1488 435 1567 qui
455 1487 535 1554 locis
552 1487 663 1548 iisdem
684 1485 849 1566 praesunt,
871 1487 900 1548 si
920 1485 987 1546 fieri
1004 1493 1139 1566 -potest,
1167 1495 1311 1550 evertant
1348 1536 1356 1552 .

202 1573 240 1636 Si
261 1581 366 1636 autem
386 1573 449 1634 hoe
468 1591 525 1654 per
540 1573 689 1632 tumultus
705 1571 871 1650 populares
893 1589 955 1632 non
976 1571 1095 1653 sinitur,
1115 1569 1227 1650 plebes
1248 1580 1355 1638 tamen

201 1659 451 1738 admoneantur,
479 1676 520 1717 ne
546 1657 598 1718 illa
624 1657 695 1718 loca
721 1656 939 1736 frequentent,
972 1661 1008 1716 ut
1036 1657 1089 1736 qui
1114 1663 1201 1718 recte
1227 1660 1355 1739 sapiunt

200 1745 287 1806 nulla
308 1743 350 1804 ibi
372 1743 593 1822 superstitione
613 1740 751 1802 devincti
772 1749 958 1802 teneantur:
972 1741 1015 1804 Et
1037 1741 1158 1802 omnino
1179 1743 1264 1804 nulla
1283 1765 1355 1808 me-

202 1831 299 1891 moria
319 1836 486 1909 martyrum
502 1827 699 1907 probabiliter
716 1834 908 1906 acceptetur,
929 1826 990 1887 nisi
1009 1825 1062 1887 ubi
1083 1844 1197 1906 corpus
1218 1832 1355 1893 autali-

99 1903 107 1914 ’
200 1933 282 1996 quae
310 1914 457 1993 reliquiae
478 1921 552 1974 sunt
573 1919 627 1973 aut
649 1911 736 1992 origo
759 1907 891 1990 alicujus
921 1910 1120 1972 habitationis
1141 1913 1194 1975 vel
1214 1933 1353 1993 posses-

199 1997 337 2078 sionis⁴)
352 1999 405 2060 vel
419 1999 576 2077 passionis
589 1993 771 2058 fidelissima
791 1996 910 2078 origine
929 1995 1068 2058 traditur.
1097 1995 1180 2058 Nam
1193 2017 1274 2078 quae
1293 2023 1352 2082 per

199 2084 321 2146 somnia
350 2091 383 2143 et
411 2101 468 2162 per
495 2083 604 2152 inanes
627 2081 718 2162 quasi
742 2079 953 2143 revelationes
973 2081 1180 2161 quorumlibet·
1195 2083 1353 2152 hominum

198 2169 385 2248 ubicumque
407 2167 635 2228 constituuntur
656 2165 779 2247 altaria,
807 2166 889 2252 omui
909 2165 1001 2230 modo
1022 2167 1237 2247 improbentur.

337 2281 527 2348 LXXXIV.
563 2283 615 2348 De
642 2283 797 2347 idolorum
824 2286 969 2368 reb‘quiio
998 2287 1207 2368 eatirpondr‘s.

280 2367 359 2431 item
386 2370 503 2450 placuit
532 2369 571 2431 ab
598 2369 834 2452 imperatoribus
856 2371 1088 2450 gloriosissimis
1108 2373 1193 2454 peti,
1218 2379 1253 2437 ut
1273 2373 1351 2435 reli·-

199 2457 292 2538 qniae
321 2455 488 2517 idolatriae
509 2472 572 2517 non
594 2457 695 2517 solum
716 2457 748 2518 in
768 2457 941 2520 simulacris
962 2450 1020 2518 sed
1042 2464 1075 2517 et
1095 2457 1127 2516 in
1147 2459 1352 2537 quibusctun-
1446 2511 1447 2526 .

196 2561 258 2624 que
278 2541 357 2603 loeis
379 2541 433 2604 vel
452 2541 533 2606 lucis
555 2541 609 2604 vel
631 2542 790 2605 arboribus
812 2543 894 2604 omni
914 2541 1007 2607 modo
1029 2540 1199 2605 deleantur.

237 2659 373 2726 LXXX
375 2659 418 2738 K
449 2641 492 2721 Ut
514 2660 553 2722 ab
577 2663 722 2742 episcopo
750 2659 1013 2741 Carthaginensi,
1042 2681 1112 2724 cunt
1139 2680 1215 2742 optas
1230 2663 1349 2740 fiterit,

301 2747 440 2808 omnium
467 2748 682 2829 episcoporum
709 2746 1026 2888 nomineldietentur
1052 2753 1086 2808 ct
1111 2746 1350 2810 audaora'bantur

278 2913 330 2976 Ab
351 2913 507 2986 universis
529 2837 941 2995 euam'episcdi’isstd‘dfdm
963 2921 1029 2976 est:
1059 2912 1102 2978 Ut
1124 2915 1250 2996 siquae
1271 2915 1348 2976 lite-

10 3045 15 3056 ,
76 3070 78 3075 ¹
193 3017 248 3062 rae
271 2998 438 3062 dictandae
460 3000 491 3059 in
514 2999 644 3060 coneilio
666 3001 855 3080 placuerint,
882 2999 1080 3061 venerandus
1102 3001 1271 3080 episcopus
1292 3001 1347 3081 qui

192 3084 266 3146 huic
282 3085 351 3147 sedi
366 3083 524 3163 praesidet
549 3085 683 3146 omnium
700 3085 823 3146 nomine
836 3084 953 3146 dictare
971 3093 1004 3146 et
1019 3085 1215 3146 subscribere
1231 3085 1348 3167 digne-

191 3176 257 3248 tur,
286 3169 317 3230 in
338 3170 451 3250 quibus
471 3170 565 3230 etiam
587 3169 628 3231 ad
649 3171 819 3250 episcopos
839 3169 982 3251 legatos,
1012 3171 1064 3250 qui
1089 3189 1145 3249 per
1166 3171 1345 3249 pronutias

180 3255 355 3317 Africanos
382 3255 415 3316 in
442 3273 540 3317 causa
560 3254 794 3318 Donatistarum
821 3254 963 3315 mittendi
984 3262 1071 3335 sunt,
1097 3255 1214 3334 placuit
1230 3255 1344 3317 literas

131 3391 136 3403 .
192 3338 258 3402 dari
281 3347 421 3402 tenorem
445 3340 583 3402 mandati
610 3341 825 3420 continentes,
855 3357 955 3420 quem·
968 3357 1031 3410 uon
1051 3335 1257 3422 egrediantur.
1300 3340 1345 3402 nt

190 3425 461 3502 subscripsemnt:
509 3424 655 3486 Aurelius
689 3427 858 3504 episeopus
892 3424 1049 3486 ecclesiae
1082 3422 1343 3506 Carthaginensis

189 3507 264 3571 huic
285 3507 412 3570 decreto
432 3509 581 3584 consensi
603 3517 635 3570 et
656 3510 816 3587 praelecto
838 3509 1019 3590 subscripsi.
1060 3509 1208 3572 Similiter
1229 3517 1263 3572 et
1283 3528 1343 3573 ce-

189 3593 249 3656 teri
268 3593 409 3676 episcopi
429 3595 687 3674 subscripserunt
1113 3635 1115 3638 -

356 3704 396 3768 In
416 3703 475 3766 boc
495 3702 630 3766 concilio
645 3705 829 3784 praeterita
849 3703 979 3766 decreta
990 3704 1176 3784 pinnantnr.

130 3848 133 3851 .
273 3787 517 3854 Gloriosiasimis
541 3783 777 3868 imperatdribus
804 3789 940 3851 Arcadio
970 3797 1003 3850 et
1023 3789 1161 3850 Honorio
1191 3786 1340 3870 augustis

187 3873 353 3956 quinquies
374 3875 570 3954 consulibus,
598 3873 653 3934 Vl.
673 3873 834 3942 Kalendas
861 3873 1055 3952 Septembris
1068 3871 1120 3953 ⁵),
1150 3874 1181 3934 in
1208 3871 1340 3934 civitate

186 3959 374 4022 Milevitana
409 3959 441 4020 in
474 3958 642 4020 secretario
674 3957 848 4038 basilicae,
886 3977 958 4020 oum
986 3957 1133 4020 Aurelius
1167 3958 1338 4038 episcopus

187 4037 491 4125 carthaginensist)
512 4043 543 4102 in
565 4042 696 4104 concilio
716 4042 885 4104 universali
906 4041 1119 4125 consedisset,
1141 4042 1339 4105 adstantibus
1399 4095 1407 4110 ,
1446 4055 1447 4130 ᾗ

186 4127 346 4208 diaconis,
367 4127 513 4189 Aurelius
534 4127 703 4206 episcopus
725 4126 819 4188 dixit:
854 4123 1008 4202 Quoniam
1028 4129 1186 4190 ecclesiae
1206 4134 1340 4190 sanctae
1446 4155 1447 4166 κ

185 4230 280 4275 unum
313 4220 364 4274 est
395 4225 509 4294 corpus
547 4210 748 4290 omniumque
777 4211 981 4280 membrorum
1014 4221 1110 4297 caput
1147 4221 1200 4276 est
1233 4229 1339 4292 aurun,

184 4355 384 4376 m

220 4461 250 4530 1)
272 4461 393 4526 deiecerit
416 4460 447 4514 O.
465 4459 502 4514 H.
543 4483 577 4496 -
629 4457 660 4524 ²)
686 4429 1023 4528 irrotulandum.
1072 4483 1108 4498 —-
1162 4459 1191 4528 ³)
1216 4467 1263 4512 cat
1280 4461 1336 4514 otor

254 4531 286 4584 C.
304 4531 340 4584 Η.
373 4555 425 4612 -3
444 4530 474 4598 ⁴)
493 4525 596 4582 Verba:
618 4529 658 4580 ool
674 4530 841 4595 notmannis
858 4527 953 4586 dmnnt
969 4526 997 4580 in
1014 4527 1046 4578 C.
1063 4527 1099 4580 H.
1133 4555 1170 4572 -
1206 4529 1235 4599 ὅ)
1252 4531 1336 4599 ipsius

239 4599 311 4654 edd.
329 4601 360 4654 G.
378 4601 454 4670 Hrsp.
489 4629 524 4640 -
559 4597 590 4667 θ)
606 4611 645 4664 ap.
663 4600 783 4656 ecelesiae
803 4599 966 4668 coaeterna
984 4595 1016 4650 0.
1032 4596 1068 4650 H.
1103 4625 1140 4676 -χ
1220 4631 1236 4656 ,ι
