2880 5050
95 423 190 520 (Ad
215 417 511 508 cononum
537 419 874 500 uounnnnuu
897 419 962 496 111.
983 409 1078 522 pag.
1097 417 1205 518 aro.)

580 567 732 584 ——nq

165 633 351 705 Edictum
371 639 482 722 regis
503 637 543 700 in
564 635 906 700 confirmationem
921 632 954 716 ¹)
975 635 1150 699 concilii.

58 715 359 828 Glonosissimon
389 773 424 828 et
457 767 616 846 piissimus
648 767 792 830 dominus
819 771 929 826 noster
954 762 1138 828 Reearedus
1166 781 1231 830 rex.

60 857 305 921 Universorum
326 861 385 921 sub
405 857 495 942 regni
515 862 613 924 nostri
631 869 793 943 potestate
814 859 1052 921 consistentium
1072 867 1231 924 amatores

61 960 140 1004 nos
163 945 286 1025 suos²J
316 945 421 1007 diviua
440 946 562 1008 iaciens
581 950 700 1010 veritas
721 946 837 1008 nostris
856 945 1065 1024 principaliter
1083 945 1230 1009 sensibus

65 1025 269 1111 inspiravit,
303 1039 340 1092 ut
374 1047 474 1093 eausa
500 1033 720 1096 instaurandae
747 1031 821 1093 fldei
846 1047 885 1093 ae
912 1028 1093 1110 disciplinae
1120 1031 1230 1094 ecole-

69 1110 235 1176 siastioae
256 1113 424 1197 episcopos
445 1133 553 1180 omnes
573 1119 745 1200 Hispaniae
765 1123 871 1177 nostro
893 1116 1139 1195 praesentandos
1160 1115 1231 1178 eul-

70 1195 161 1259 mini
182 1197 375 1278 juberemus:
412 1175 631 1265 fraecedente
652 1211 757 1266 autem
778 1201 919 1283 diligenti
940 1209 973 1262 et
993 1209 1088 1262 cauta
1108 1199 1230 1264 delibe-

70 1279 220 1365 ratione,
240 1287 311 1347 sive
330 1305 411 1367 quae
434 1285 474 1348 ad
495 1287 588 1350 iidem
608 1283 843 1364 conveniunt³)
870 1303 929 1346 seu
950 1303 1032 1366 quae
1053 1286 1093 1348 ad
1113 1305 1231 1350 morum

71 1371 308 1432 correctionem
328 1373 514 1454 respiciunt,
542 1391 614 1436 eum
635 1375 717 1442 omni
730 1371 765 1451 ⁴)
790 1389 905 1433 sensus
925 1368 1104 1434 maturitate
1125 1380 1158 1433 et
1179 1373 1231 1434 in-

73 1453 289 1535 telligentiae
306 1459 462 1539 gravitate
489 1467 615 1522 constat
631 1458 664 1538 ⁵)
694 1456 942 1540 essedigesta3
970 1465 1078 1519 nostra
1101 1457 1230 1538 proinde

74 1541 257 1602 auctoritas
279 1541 310 1604 id
332 1543 472 1606 omnibus
493 1545 667 1608 hominibus
687 1543 727 1607 ad
747 1561 878 1625 regnum
904 1550 1043 1603 nostrum
1069 1543 1232 1624 pertinen-

77 1623 171 1686 tibus
188 1623 288 1709 jubet,
309 1636 346 1688 ut
367 1630 395 1689 si
416 1648 479 1709 qua
499 1607 628 1692 dednita
648 1638 722 1692 sunt
742 1629 774 1690 in
794 1629 855 1690 hoe
875 1635 988 1690 saneto
1008 1629 1150 1710 coneilio,
1170 1629 1231 1692 ha·

78 1708 151 1770 bito
171 1711 203 1772 in
223 1712 298 1774 urbe
321 1713 474 1776 Toletana
495 1733 576 1777 anno
603 1716 693 1798 regni
721 1715 818 1775 nostri
845 1712 976 1776 feliciter
1000 1721 1127 1796 quarto,
1156 1715 1232 1778 nulli

80 1802 285 1858 contemnere
305 1797 418 1880 liceat,
444 1801 547 1862 nullus
566 1797 733 1881 praeterire
753 1807 950 1879 praesumat:
980 1800 1118 1881 capitula
1138 1801 1231 1883 enim,

80 1897 169 1960 quae
188 1883 333 1944 sensibus
350 1886 467 1946 nostris
486 1886 604 1967 placita
623 1893 656 1947 et
673 1883 855 1965 disciplinae
873 1901 1012 1967 congrua
1033 1905 1053 1948 a
1072 1887 1231 1966 praesenti

79 1967 263 2048 conscripta
288 1977 363 2029 sunt
390 1969 512 2051 synodo
524 2017 534 2051 ,
568 1971 711 2033 inomni
739 1969 924 2032 auctoritate
952 1971 1022 2031 sive
1048 1971 1232 2034 elericorum

80 2049 156 2111 sive
183 2052 329 2115 laieorum
356 2053 427 2115 sive
454 2073 717 2138 quorumcumque
732 2054 767 2134 ⁸)
796 2053 952 2117 hominum
965 2053 1000 2134 ¹)
1026 2055 1232 2121 observentur

81 2142 118 2196 et
138 2147 304 2218 maneant,
331 2137 361 2200 id
382 2149 449 2203 est:

126 2225 150 2286 1.
197 2223 247 2284 De
268 2223 485 2287 observatione
504 2223 636 2305 priorum
657 2241 819 2287 canonum.

126 2311 165 2372 ΙΙ.
198 2307 248 2369 De
269 2308 410 2390 symbolo
431 2309 614 2392 proferendo
633 2329 653 2373 a
672 2307 844 2392 populis⁸)
861 2309 895 2371 in
916 2309 1061 2373 eeclesia.
1108 2327 1115 2339 ·

127 2397 178 2456 ΙΙΙ.
199 2395 250 2455 De
270 2393 438 2475 episeopis,
458 2403 494 2456 ut
514 2395 562 2458 eis
572 2395 607 2474 ⁹)
626 2413 688 2458 non
708 2395 804 2458 liceat
823 2413 888 2456 rem
909 2394 1043 2456 alienare
1064 2393 1233 2460 ecelesiae.

127 2479 182 2542 IV.
203 2479 246 2542 Ut
274 2479 423 2562 episeopo
450 2479 546 2542 liceat
570 2499 663 2544 unam
693 2479 733 2543 de
767 2480 979 2561 parochitanis
1008 2477 1156 2544 ecelesiis
1175 2480 1230 2562 ιο)

188 2563 409 2627 monasterium
425 2563 541 2628 faeere.

129 2650 170 2711 V.
204 2649 250 2712 Ut
269 2649 445 2731 episeopis,
473 2648 666 2732 presbyteris
684 2657 718 2710 et
739 2648 921 2710 diaconibus
943 2668 985 2711 ex
1005 2647 1129 2711 haeresi
1149 2667 1230 2712 oon-

130 2729 133 2735 ’
190 2735 293 2798 versis
309 2733 363 2816 Η)
386 2733 452 2816 jem
480 2755 541 2797 non
567 2735 665 2796 liceat
682 2734 807 2796 miseeri
827 2732 993 2818 uxoribus3
1021 2735 1075 2796 vel
1094 2735 1177 2817 quod
1198 2735 1230 2797 hi

79 2843 85 2850 ·
191 2821 245 2902 qui
264 2837 389 2902 semper
409 2817 557 2884 catholici
577 2821 700 2881 fuerunt
720 2821 751 2882 in
772 2820 893 2883 cellulis
914 2821 982 2883 suis
1002 2839 1074 2884 oum
1092 2821 1231 2885 mulieri·

187 2909 249 2970 bus
269 2907 429 2967 extraneis
448 2927 510 2968 non
529 2913 694 2968 morentur.

130 2993 184 3058 Vl.
225 2987 317 3068 Quod
341 2991 442 3053 liberti
466 2993 505 3054 ab
526 2992 685 3072 episeopis
705 2991 757 3051 vel
779 2991 818 3052 ab
840 2987 910 3053 aliis
930 2991 1006 3054 faeti
1028 2999 1062 3053 et
1083 2991 1231 3055 ecclesiis

189 3073 398 3142 commendati
416 3095 596 3157 pennanere
618 3076 753 3138 debeant
770 3073 867 3138 liberi.

130 3163 199 3226 Vll.
231 3157 324 3236 Quod
336 3162 429 3223 lectio
443 3164 473 3224 in
486 3163 628 3224 omnibus
639 3161 887 3224 sacerdotalibus
899 3159 1017 3222 mensis
1030 3159 1095 3242 legi
1108 3160 1233 3225 debeat.

132 3248 214 3311 v111.
235 3243 327 3322 Quod
347 3247 478 3310 elericos
493 3246 546 3326 12)
568 3265 610 3309 ex
629 3245 753 3308 familiis
772 3246 842 3308 fisci
862 3247 959 3307 nostri
972 3244 1026 3322 ¹³)
1047 3247 1150 3307 nullus
1169 3265 1233 3309 un-

193 3349 285 3416 quam
304 3349 323 3392 a
343 3351 420 3415 rege
440 3333 589 3416 postulet,
611 3341 645 3394 et
665 3331 717 3416 qui
738 3331 898 3413 deceperit
918 3329 1001 3391 irrita
1016 3329 1089 3392 talis
1105 3329 1232 3395 donatio

187 3424 314 3481 maneat
331 3417 394 3496 Η).

130 3503 184 3566 lx.
223 3502 273 3562 De
294 3503 440 3565 ecelesiis
460 3503 499 3565 ab
521 3501 644 3566 haeresi
665 3501 843 3582 translatis,
872 3507 909 3562 ut
936 3499 976 3562 ad
1003 3517 1061 3562 eos
1077 3499 1131 3582 Η)
1161 3503 1233 3585 epi·

189 3603 307 3666 scopos
326 3587 358 3647 in
379 3605 508 3670 quorum
525 3594 600 3649 sunt
620 3585 776 3665 parochiis
796 3587 973 3667 pertineant
987 3583 1051 3663 ιθ).
1231 3649 1233 3664 ,

130 3671 170 3735 Χ.
209 3671 259 3733 De
280 3671 394 3753 viduis,
414 3671 497 3754 quod
516 3691 598 3754 quae
614 3671 836 3749 voluerinw)
850 3671 1071 3734 continentiam
1091 3679 1231 3753 teneant,

187 3763 222 3818 et
250 3775 331 3837 quae
348 3756 402 3836 Η)
431 3759 547 3820 nubere
575 3755 746 3837 elegerint,
774 3758 887 3839 quibus
913 3755 1068 3819 voluerint
1092 3755 1230 3821 nubant:

188 3858 289 3923 eaque
304 3841 359 3920 ¹⁹)
380 3842 473 3907 etde
494 3840 676 3924 virginibus.

123 4028 149 4094 ι)
166 4025 193 4076 in
210 4023 400 4108 eoopirpaotioae
416 4025 454 4082 M.
491 4055 527 4068 ·-
576 4023 607 4092 ²)
629 4023 757 4076 Univereia
773 4021 820 4074 aad
835 4025 958 4090 sepimine
973 4031 1078 4078 nomene
1094 4026 1231 4092 potestatis

84 4218 91 4235 l
151 4093 1228 4234 aurunt>annueramus:

151 4235 204 4286 eive
220 4249 427 4316 quorumcumque
445 4235 539 4287 desunt
550 4235 579 4287 in
594 4233 651 4288 eod.
663 4233 833 4312 Vailieeliano
852 4231 916 4316 (yid.
930 4249 989 4302 pag.
1001 4233 1054 4286 210
1070 4239 1126 4288 not.
1137 4232 1175 4298 4).
1194 4262 1228 4272 —-

125 4303 331 4438 ’ttmttttit
348 4305 647 4426 rarreiiiiiiniii.
661 4333 707 4411 ἶ
731 4302 953 4440 Pataita
963 4304 1007 4424 id.
1022 4332 1064 4412 ἶ.
1086 4300 1139 4438 ¹13³)
1152 4317 1231 4438 ‘titt

148 4441 178 4492 de
196 4446 263 4494 clero
281 4443 318 4494 Μ.
342 4469 378 4481 -
410 4432 459 4511 1⁸]
476 4443 560 4496 oomni
576 4445 650 4496 deest
666 4458 708 4510 ap.
725 4441 762 4494 M.
786 4469 822 4482 -
856 4441 905 4508 Ν)
930 4444 962 4494 Ut
979 4442 1064 4493 elerici
1080 4441 1112 4492 de
1127 4443 1230 4508 somnia

151 4512 205 4574 tiaci
222 4529 239 4562 o
256 4511 371 4580 principe
388 4531 437 4566 nou
454 4514 577 4566 deseratur
593 4514 643 4564 Me.
661 4513 744 4564 iiard.
778 4540 812 4552 -
845 4511 895 4578 Η)
912 4526 955 4562 eoa
972 4512 1047 4564 deest
1064 4526 1106 4579 ap.
1123 4512 1160 4565 Μ.
1196 4541 1230 4554 -·
1345 4507 1347 4510 ’

107 4579 150 4646 ¹⁸)
167 4591 331 4648 meoeoat
348 4583 385 4634 Μ.
428 4604 464 4623 -
508 4578 894 4650 repraesentantem.
913 4581 1126 4652 interponunt.
1161 4609 1196 4624 .-

107 4650 319 4720 ηΜΜΜΜθ
335 4651 372 4704 Μ·
414 4680 450 4696 ·-
500 4653 549 4716 ¹⁸)
566 4668 644 4720 neque
660 4651 696 4704 M.
731 4677 766 4692 -
