2916 5050
349 251 485 320 oouux
506 248 728 348 recensus
749 250 983 319 xrrrcrrm.
1125 201 1128 208 Δ
1180 255 1243 324 ιιι

310 479 314 494 ι
390 425 437 490 11.
471 423 525 491 vo
546 423 699 491 trinitate
712 424 946 508 prosdiocnda.

171 509 362 579 Universum
381 509 546 575 concilium
567 509 665 574 dixit:
699 510 769 572 Deo
789 512 1027 594 propitiospnri
1046 511 1240 592 professione
1309 561 1312 567 -

82 597 410 684 lidos-ecclesiastica
429 603 491 660 etc.
532 592 638 660 Cone:
653 595 761 660 Carth.
772 597 810 658 ll.
829 613 858 660 c
874 597 903 658 l.

475 711 537 776 111.
571 711 624 776 De
646 714 856 776 continentia.

169 802 319 866 Aurelius
340 797 511 881 episcopus
532 797 631 862 dixit:
669 799 750 861 Cum
776 799 944 880 praeterito
965 801 1098 865 concilio
1118 834 1161 846 -·
1181 821 1240 867 nos

82 901 210 974 quoque
230 885 455 952 custodiamus.
497 883 597 948 Couc.
619 882 725 949 carth.
740 884 778 946 ll.
800 903 828 948 c.
842 885 873 948 2

206 1006 229 1069 Ι
230 1005 264 1070 V.
297 1004 350 1067 De
364 1003 500 1066 diversis
516 1003 679 1073 ordinibus
694 1003 734 1064 ad
749 1002 898 1066 acoribus
913 1001 1119 1068 abstinendis.

171 1092 342 1155 Faustinus
370 1091 540 1170 episcopus
566 1089 724 1152 ecclesiae
749 1087 956 1170 Pomptinae,
984 1092 1163 1172 provinciae
1181 1093 1239 1158 Pi·
1295 1145 1301 1156 .

84 1177 175 1257 ceni,
202 1179 327 1259 legatus
346 1175 509 1238 Romanae
531 1173 709 1254 ecclcsiae,
738 1172 837 1236 dixit:
869 1173 982 1239 Placet
1001 1181 1037 1236 ut
1058 1176 1238 1260 episcopus,

82 1263 251 1344 presbyter
277 1269 311 1322 et
330 1260 483 1326 diaconus
502 1260 556 1320 vel
584 1260 636 1340 qui
662 1267 859 1322 sacramenta
885 1267 1081 1343 contrectant
1114 1264 1239 1342 pudici-

82 1349 149 1409 tiae
171 1345 321 1409 custodes
342 1345 381 1406 ab
403 1343 551 1406 uxoribus
572 1363 609 1406 se
631 1342 816 1412 abstineant
859 1339 911 1406 Ab
932 1345 1088 1408 universis
1108 1349 1248 1428 episco·'

85 1434 136 1512 pis
163 1432 279 1494 dictum
307 1438 377 1492 est:
408 1431 521 1492 Placet
541 1437 576 1491 ut
596 1427 628 1490 in
649 1426 839 1507 omnibus1)
865 1427 1015 1508 pudicitie
1035 1431 1238 1516 custodiatur,

16 1557 19 1564 ·
85 1519 138 1600 qui
159 1518 249 1580 altari
267 1516 441 1580 inserviunt
455 1513 499 1594 ²).
565 1553 567 1556 -
808 1581 812 1595 1

518 1595 553 1660 V.
585 1596 637 1658 De
658 1596 811 1658 avaritia.

174 1683 321 1747 Aurelius
342 1683 511 1764 episcopus
532 1683 627 1745 dixit:
655 1681 817 1744 Avaritiae
837 1680 992 1760 cupiditas
1004 1681 1048 1764 3),
1070 1702 1163 1766 quam
1183 1705 1238 1750 re-

86 1788 155 1833 rum
182 1769 316 1831 omnium
343 1767 537 1847 malarum⁴J
567 1773 696 1828 matrem
724 1783 815 1846 esse,
848 1785 938 1827 nomo
968 1769 1021 1848 qui
1050 1767 1171 1834 dubitet
1185 1771 1237 1856 5);

86 1854 217 1936 proinde
240 1853 404 1916 inhibenda
417 1851 452 1931 6)
474 1862 540 1936 est,
567 1872 608 1913 ne
631 1852 701 1933 quis
722 1851 840 1913 alienos
861 1851 941 1914 fines
962 1861 1091 1934 usurpet
1106 1854 1155 1939 ²),
1181 1868 1237 1922 aut

85 1961 140 2021 per
165 1940 335 2022 praemium
361 1939 520 2002 terminos
535 1946 656 2019 patrum
683 1943 820 2020 statutos
839 1937 1056 2018 transcendat,
1084 1959 1145 2003 nec
1166 1961 1236 2006 om-

86 2027 157 2087 nino
184 2026 329 2106 cuiquam
356 2023 536 2087 clericorum
562 2023 657 2084 liceat
678 2021 719 2083 de
740 2021 877 2102 qualibet
896 2042 938 2086 re.
950 2021 1062 2086 foenus
1082 2027 1238 2108 accipere.

86 2107 280 2194 Quamquam
300 2109 444 2170 novellae
466 2109 708 2192 suggestiones,
730 2125 811 2187 quae
831 2107 884 2173 vel
906 2107 1058 2170 obscurae
1079 2120 1161 2194 sunt,
1182 2116 1236 2176 vel

84 2198 143 2257 sub
170 2215 288 2280 genere
306 2193 340 2272 8)
369 2195 487 2277 latent,
514 2195 678 2274 inspectae
700 2211 720 2253 a
740 2190 977 2266 nobis-formam
997 2195 1154 2277 accipient
1171 2207 1236 2265 etc.

84 2279 182 2346 Conc.
205 2280 314 2346 Carth.
325 2281 348 2340 l.
371 2298 399 2342 c.
412 2279 463 2342 13.
550 2287 552 2290 ’

206 2390 212 2396 ’
287 2389 338 2452 Vl.
376 2387 418 2452 Ut
445 2389 583 2466 chrisma
612 2408 633 2448 a
653 2385 849 2470 presbyterio
876 2406 940 2449 nort
958 2391 1038 2468 flat.

138 2477 141 2484 '
175 2471 366 2537 Fortunatus
387 2473 674 2555 episcopusdixit:
710 2474 746 2534 ln
774 2473 948 2554 praeteritis
970 2474 1117 2544 conciliis¹
1130 2485 1236 2540 statu-

84 2560 478 2641 tum'meminimusesse,
506 2558 779 2621 utchrismaetc.
821 2556 1194 2627 Concessisse
1272 2643 1276 2654 k
1359 2635 1364 2644 ,

204 2675 274 2738 VII.
308 2676 360 2739 De
380 2677 430 2739 lris
452 2679 506 2758 qui
526 2679 562 2758 io
577 2675 722 2759 periculo
734 2678 843 2758 positi
864 2674 1120 2740 reconciliantur.
1207 2693 1208 2701 ¹

167 2763 315 2824 Aurelius
333 2761 366 2842 9)
399 2763 569 2844 opiscopus
602 2761 704 2825 dixit:
749 2764 786 2824 Si
817 2762 981 2843 quisquam
1014 2768 1076 2825 etc.
1133 2761 1234 2830 Cone.

80 2847 305 2994 Cessrilllsse
320 2848 377 2994 irs
400 2919 455 3014 qui
475 2935 512 2994 in
533 2933 769 2993 accusationem
794 2929 1029 3009 majoris'notu
1048 2907 1190 3010 veniunt,

218 3023 309 3078 ciui
330 3019 508 3100 episcopum
528 3015 610 3078 ouili
631 3016 799 3076 criminoso
820 3013 919 3075 licoat
940 3035 1100 3079 accusare.

167 3101 267 3164 (lonc.
289 3101 394 3165 Carth.
410 3105 462 3165 Ill.
483 3120 512 3166 c.
526 3101 557 3164 6.
592 3102 698 3180 (Loco
719 3097 857 3162 Genetlii
876 3099 1024 3164 Aurelius
1046 3102 1234 3184 respondit)

122 3216 187 3281 IX.
220 3217 273 3280 Do
301 3220 351 3282 itio
380 3222 437 3303 qui
464 3222 579 3282 merito
602 3220 787 3298 sucinorum
815 3236 941 3280 suorum
970 3220 1018 3282 ab·
1039 3219 1203 3282 ecclesiae·

431 3307 680 3388 congregatione
700 3302 873 3384 pelluntur.

165 3386 365 3470 Augustinus
386 3391 572 3470 episcopus,
593 3390 719 3471 legatus
740 3386 919 3466 provinciae
939 3384 1117 3469 Numidiae,
1140 3387 1232 3451 dixit:

80 3471 155 3533 Hoc
181 3481 322 3534 statuere
343 3474 530 3557 dignemini,
557 3481 593 3534 ut
612 3476 641 3536 si
660 3473 713 3554 qui
733 3473 813 3534 forte
833 3471 943 3532 merito
964 3471 1134 3536 facinorum
1153 3493 1234 3538 suo·

79 3575 149 3618 rum
176 3557 215 3617 ab
244 3559 382 3621 ecclesia
408 3562 491 3641 pulsi
518 3567 609 3638 sunt,
643 3567 676 3618 et
704 3557 774 3618 sive
804 3556 844 3618 ab
872 3557 975 3637 aliquo
1002 3559 1152 3640 episcopo
1178 3559 1231 3622 vel

78 3639 267 3722 presbytero
287 3643 398 3705 fuerint
419 3653 480 3708 etc.
523 3644 621 3706 Couc.
644 3641 749 3706 Carth.
763 3639 800 3704 11.
822 3641 887 3704 c.7
907 3640 959 3703 fin.

137 3755 184 3820 X.
218 3757 271 3821 De
287 3759 480 3842 presbyteris
502 3764 558 3845 qui
578 3783 600 3824 o
615 3763 757 3843 propriis
776 3760 991 3840 corripiuntur
1010 3760 1176 3840 episcopis.

165 3843 313 3925 Alypius·
324 3849 501 3930 episcopus,
522 3850 649 3931 legatus
668 3845 847 3925 provinciae
860 3842 1028 3905 Numidiae
1047 3843 1139 3908 dixit:
1159 3843 1232 3910 Nec

79 3925 494 4079 itlllkrdthpflaegergniitgandum
527 3960 572 3978 ν·-
599 3939 727 3993 vestrae
755 3928 914 4047 dilectioni
951 3927 1075 3992 edicite.
1132 3929 1232 3997 Cone.

106 4194 147 4263 ¹)
164 4197 206 4250 Al.
224 4199 284 4252 add.
302 4207 328 4251 et
345 4199 378 4250 nt
394 4199 518 4254 onmilos.
547 4227 583 4240 -
618 4201 647 4268 2)
665 4197 807 4252 deserviunt
824 4197 951 4252 Hord-
964 4198 997 4251 of.
1010 4196 1232 4256 Conciiarthdl.

149 4269 202 4318 cri
220 4268 266 4320 sm.
301 4269 369 4322 Cod.
394 4272 458 4322 eccl.
475 4270 533 4323 Air.
550 4267 619 4324 cii>
637 4273 665 4322 et
682 4270 726 4327 10.
769 4297 805 4332 .-
860 4269 890 4337 3)
911 4269 1040 4320 Avaritia·
1056 4276 1082 4321 et
1103 4272 1232 4338 copiditas

143 4336 231 4388 ilerd.
266 4365 310 4377 -·
336 4339 367 4408 ⁴)
386 4341 498 4392 omnium
512 4342 638 4392 otolomrm
655 4339 723 4392 Just.
752 4367 789 4387 -ψ
825 4337 854 4405 ⁸)
871 4355 944 4391 eremo
960 4339 1017 4408 pois
1033 4337 1130 4392 dubitet
1146 4339 1230 4394 Hand.

114 4402 144 4470 ὅ)
161 4405 323 4460 iolileadmn
341 4408 408 4461 Just.
435 4437 471 4448 -
507 4410 536 4476 l)
554 4410 588 4461 cf.
600 4409 682 4462 Cone.
701 4407 791 4461 Carth.
802 4410 823 4460 1.
842 4423 899 4461 can.
912 4407 946 4461 1⁰
963 4412 990 4460 et
1007 4409 1050 4460 13.
1075 4437 1111 4449 -
1144 4409 1174 4476 ⁸)
1191 4411 1231 4462 oet

144 4473 193 4526 ead
204 4475 303 4528 diuerso
313 4478 477 4544 poneretur:
487 4479 602 4531 ethrd.
620 4507 655 4518 -
679 4479 709 4546 θ)
721 4477 838 4530 Genetlii
847 4475 1003 4532 sententiam
1009 4477 1139 4540 Aurelius,
1153 4479 1230 4532 etsie

146 4543 192 4597 alii
210 4545 322 4598 eliorum
340 4548 525 4622 episcopcrum
542 4563 558 4600 c
575 4547 755 4618 superioribus
768 4545 886 4601 conciliis
904 4546 1047 4600 sententias
1064 4548 1165 4613 synodo
1181 4547 1229 4601 fir·

146 4615 257 4667 mandas
274 4615 380 4673 nomine
398 4634 446 4673 suo
464 4633 613 4688 proponere
630 4633 699 4673 nunc
716 4617 845 4674 ridentur.
879 4616 1008 4671 Hardoiu.
1042 4643 1077 4656 -

118 4707 185 4756 tritt.
198 4707 257 4758 ecci.
274 4713 295 4757 Ι.
577 4721 582 4727 ·
756 4720 760 4724 ’
939 4702 987 4763 'ss
