2912 5060
401 251 621 320 coactarum
643 251 900 360 rotumnam
912 253 961 318 lll.
1110 296 1113 301 ·
1194 259 1258 325 211

98 401 211 510 gaudii
240 415 324 506 quod
350 410 420 485 mos
440 423 610 508 eanonicus
631 431 800 504 prospectu
821 407 871 486 dei
890 401 948 508 per
968 403 1105 488 nostram
1125 425 1254 510 gloriam

99 507 145 576 ad
166 517 315 591 paternos
341 507 499 570 reducitur
525 510 693 589 terminos,
722 510 807 588 prius
834 517 939 570 tamen
964 509 1115 572 admoneo
1141 515 1257 594 pariter
1311 587 1319 593 ,

101 604 138 657 et
166 593 326 674 exhortor,
350 591 477 674 jejuniis
504 612 565 656 vos
593 601 626 656 et
652 593 770 676 vigiliis
797 602 892 674 atque
918 592 1107 657 orationibus
1128 615 1254 677 operam

101 677 197 760 dare,
223 687 260 738 ut
287 677 362 740 ordo
384 681 570 758 canonicus,
597 695 689 760 quem
716 678 1003 740 asacerdotalibus
1028 681 1175 746 sensibus
1195 685 1256 746 de-

101 771 241 826 traxerat
255 760 288 841 1)
316 763 411 845 longa
441 782 480 826 ac
506 761 692 840 diutumo2]
720 763 852 846 obliuio,
879 762 1005 843 quael)
1032 772 1122 827 aetas
1147 767 1256 833 nostra

100 868 140 912 se
160 847 285 911 nescire
295 847 330 926 ⁴)
350 848 479 930 fatetur,
501 847 605 910 diviua
625 845 718 908 uobis
738 865 844 910 rursus
864 845 945 908 dono
966 849 1104 927 patefiat.

185 933 319 996 Adhaec
347 942 452 993 autem
479 933 599 1014 gratias
620 931 680 993 deo
703 929 837 1013 agentes
859 940 892 992 et
911 933 1145 1016 religiosissimo
1166 938 1254 1016 prin-

101 1018 182 1098 e'ipi,
210 1019 359 1078 universo
388 1017 519 1078 concilio
546 1017 578 1077 in
603 1015 746 1077 laudibus
765 1015 978 1097 acclamante,
1008 1018 1180 1080 triduanum
1202 1031 1253 1086 est

101 1101 217 1166 exinde
237 1101 451 1182 praedicatum
467 1097 628 1181 jejunium,
650 1097 713 1161 sed
730 1115 801 1160 cum
822 1099 873 1161 die
895 1109 1009 1164 octavo
1026 1101 1134 1164 Iduum
1147 1103 1266 1184 Maja-.

99 1193 168 1249 r'urn
195 1187 227 1248 iu
256 1205 351 1248 unum
384 1193 509 1247 coetum
520 1185 553 1264 ⁵)
588 1183 639 1246 dei
665 1183 849 1246 sacerdotes
876 1181 1026 1246 adessent
1052 1195 1085 1248 et
1115 1189 1254 1250 oratione
1314 1245 1318 1262 ,

100 1271 276 1352 praemissa
300 1271 514 1352 unusquisque
541 1267 739 1331 sacerdotum
765 1271 954 1348 competenti
980 1269 1050 1332 loco
1071 1271 1254 1355 resedisset,

101 1373 180 1418 ecce
205 1355 237 1416 in
257 1355 359 1416 medio
380 1373 486 1416 eorum
507 1353 605 1415 adfuit
625 1354 845 1414 serenissimus
867 1353 1012 1432 princeps
1019 1399 1029 1434 ,
1061 1373 1160 1440 seque
1183 1377 1253 1419 eum
1341 1377 1344 1391 ¹

102 1440 153 1504 dei
174 1439 391 1502 sacerdotibus
412 1439 542 1500 orationi
563 1439 793 1500 communicans
800 1483 809 1518 ,
832 1437 936 1498 dlvino
959 1437 1107 1519 deinceps
1128 1440 1253 1511 flamine
1326 1499 1329 1506 .

102 1525 214 1608 plenus
221 1569 230 1606 ,
263 1525 311 1586 sio
339 1523 380 1585 ad
406 1523 593 1605 loquendum
621 1541 753 1584 exorsus
775 1529 825 1583 est
845 1521 972 1584 dIcens:
1005 1523 1079 1583 Non
1099 1525 1253 1589 eredimus

101 1617 241 1671 vestram
260 1610 359 1670 latere
380 1609 580 1671 sanctitatem
601 1615 717 1689 quanto
739 1615 877 1688 tempore
898 1607 930 1668 in
952 1627 1053 1668 errore
1069 1609 1254 1675 Arianorum

102 1695 277 1757 laborasset
301 1693 478 1774 Hispania,
511 1675 544 1754 eb
575 1712 637 1754 non
670 1692 785 1754 multos
812 1699 885 1772 post
913 1691 1091 1753 discessus
1103 1697 1254 1776 genitoris
1284 1749 1287 1756 .

103 1779 202 1841 nostri
220 1777 298 1858 dies,
313 1780 425 1858 quibus
444 1795 503 1839 uos
522 1786 631 1839 vestra
651 1776 811 1838 beatitudo
832 1775 905 1838 iidei
927 1777 1099 1840 catholicae
1120 1789 1252 1842 sanetae

101 1864 254 1946 cognovit
275 1881 348 1924 esse
370 1863 522 1944 sociatos,
544 1861 699 1924 credimus
720 1861 908 1944 generaliter
927 1879 1073 1944 magnum
1095 1872 1128 1924 et
1147 1873 1254 1928 aeter·
1338 1893 1343 1904 ·

101 1967 174 2012 mun
194 1947 343 2031 gaudium
363 1947 522 2027 habuIsse,
544 1955 577 2009 et
598 1947 679 2027 ideo,
700 1945 872 2008 venerandi
892 1955 1008 2028 patres,
1031 1946 1071 2008 ad
1091 1948 1173 2011 hanc
1191 1969 1252 2014 vos

74 2045 80 2058 ·
101 2031 313 2116 peragendam
332 2033 519 2126 congregari
542 2031 739 2095 decrevimus
751 2030 786 2110 θ)
807 2029 975 2113 synodum,
993 2039 1038 2094 ut
1059 2031 1098 2093 de
1120 2033 1254 2097 homini-

100 2120 160 2182 bus
169 2117 203 2196 ⁷)
228 2137 328 2198 nuper
353 2117 591 2180 advenientibus
618 2116 659 2178 ad
686 2115 845 2178 Christum
872 2116 933 2196 ipsi
961 2123 1106 2179 aeternas
1133 2121 1254 2202 gratias

101 2201 225 2268 domino
251 2203 418 2266 deferatis:
454 2201 602 2284 quidquid
629 2221 706 2262 vero
728 2201 834 2264 verbis
856 2201 939 2280 apud
960 2201 1169 2265 sacerdotium]
1191 2225 1254 2266 ve-

101 2297 198 2354 strum
225 2287 316 2350 nobis
337 2285 493 2370 agendum
515 2295 582 2349 erat
604 2285 644 2348 de
666 2285 728 2348 fide
750 2294 846 2368 atque
868 2304 927 2365 spe
945 2294 1056 2361 ¹nostra
1077 2305 1170 2368 quam
1190 2289 1254 2372 ge·

100 2373 215 2454 rimus,
231 2443 233 2447 ,
249 2373 282 2434 in
308 2373 393 2436 hunc
422 2370 585 2450 tomum⁸J
618 2370 795 2450 conscripta
824 2377 919 2452 atque
946 2371 1084 2452 allegata
1111 2375 1254 2437 notesoi-
1291 2421 1293 2426 ,

100 2476 172 2520 mus
180 2456 235 2539 ⁹),
266 2457 425 2542 relegatur
457 2458 539 2520 ebirn
565 2457 597 2518 in
624 2453 726 2518 medio
754 2455 871 2535 vestri,
907 2461 940 2516 et
964 2453 1082 2534 judicio
1108 2459 1253 2540 synodali

68 2590 70 2594 .
101 2542 343 2622 examinatam)
377 2561 433 2622 per
460 2539 763 2602 omneaucoiduum
776 2537 830 2616 11)
867 2547 992 2618 tempus
1021 2539 1121 2624 gloria
1146 2554 1254 2606 nostra

100 2626 242 2710 ejusdem
261 2625 336 2689 fidei
358 2627 536 2688 testimonio
558 2624 706 2686 decorata
728 2623 883 2686 clarescat
895 2621 959 2701 ¹²).
979 2655 1023 2668 -

185 2713 265 2774 Post
283 2711 513 2774 confessionem
532 2710 627 2791 igitur
648 2717 682 2770 et
701 2708 961 2787 subscriptionem
975 2709 1109 2771 omnium
1125 2711 1254 2792 episco-
1301 2717 1304 2724 “

99 2813 208 2880 porum
230 2805 263 2860 et
283 2798 380 2858 totius
400 2797 507 2880 gentis
528 2793 688 2858 Gothicae
709 2793 866 2855 seniorum
886 2793 1130 2875 gloriosissimus
1150 2797 1263 2860 domi-'

99 2901 160 2945 nus
180 2887 289 2944 noster
307 2881 491 2945 Recaredus
511 2897 568 2942 rex
588 2897 643 2958 pro
664 2875 845 2960 reparandis
866 2877 958 2940 simul
979 2889 1012 2942 et
1034 2879 1261 2948 confirmandis

63 2967 66 2973 ’
100 2967 282 3048 dlsciplInae
303 2965 543 3029 ecclesiasticae
562 2963 715 3044 moribus,
738 2962 789 3025 dei
810 2961 994 3026 sacerdotes
1014 2965 1117 3027 taliter
1137 2967 1253 3032 affatus

101 3061 152 3116 est
173 3051 301 3115 dicens:
328 3051 434 3136 Regia
461 3067 664 3130 curansque
692 3050 723 3110 in
750 3067 822 3108 eum
849 3047 973 3112 modum
992 3050 1134 3130 protendi
1157 3051 1253 3116 debet

30 3166 35 3174 ·
100 3145 135 3200 et
155 3135 254 3222 dirigi,
276 3153 368 3220 quem
388 3138 512 3218 plenam
533 3132 724 3211 constet1³)
745 3133 888 3194 veritatis
909 3142 942 3196 et
963 3135 1115 3196 scientiae
1137 3155 1252 3218 capere

98 3222 270 3303 tattonem3
300 3238 374 3283 narn
402 3222 485 3286 sIcut
512 3221 544 3281 in
573 3219 667 3281 rebus
694 3218 837 3278 humanis
866 3217 1032 3298 gloriosius
1054 3221 1169 3284 eminet
1190 3241 1252 3302 po-

98 3315 208 3370 testas*
228 3306 333 3388 regia,
362 3307 407 3369 ita
436 3315 469 3368 et
498 3291 735 3385 prospiciendae
769 3301 979 3363 commoditati
1003 3305 1253 3388 comprovincia-

6 3387 7 3390 ’
98 3389 233 3471 lium14)
253 3389 351 3469 major
371 3391 465 3453 debet
486 3408 560 3452 esse
581 3386 679 3464 ΜΝ)
700 3385 902 3466 providentia.
934 3387 1038 3466 ΑΝ)
1058 3408 1150 3471 nuno,
1172 3393 1253 3456 bea·

99 3475 215 3539 tissimi
234 3475 431 3556 sacerdotes,
441 3495 503 3536 non
524 3475 555 3534 iu
576 3473 624 3533 eis
644 3470 855 3532 tantummodo
876 3471 969 3533 rebus
983 3471 1182 3538 diffimdimus
1195 3496 1253 3540 so-

97 3561 223 3622 lertiam
242 3565 379 3618 nostram
399 3561 511 3639 quibus
531 3555 636 3639 populi
657 3557 715 3618 sub
738 3562 846 3617 nostro
866 3555 1016 3637 regimine
1036 3561 1131 3639 positi
1151 3581 1252 3640 paca·

98 3643 222 3706 tissime
248 3643 457 3722 gubernentur
482 3651 516 3705 et
541 3643 667 3722 vivant,
694 3640 877 3708 sedetiam
903 3642 935 3702 in
962 3641 1112 3722 adjutorio
1135 3645 1253 3709 Christi

98 3725 299 3800 extendimus
324 3744 385 3788 nos
411 3727 455 3792 ad
479 3745 519 3789 ea
546 3745 628 3812 quae
657 3735 731 3788 sum
752 3726 906 3788 coelestita
926 3729 1084 3811 cogitare,
1114 3738 1251 3813 atquae

39 3873 49 3880 -
98 3851 301 3874 W

122 3891 163 3982 ⁸1)
181 3913 347 3964 destruxerat
363 3905 457 3960 Vallic.
491 3939 528 3950 --
563 3907 593 3976 ²)
610 3907 711 3958 diutina
728 3905 766 3956 Μ.
800 3933 836 3946 --
871 3903 901 3972 ³)
919 3921 966 3973 qao
983 3905 1021 3960 M.
1049 3907 1089 3962 Ar.
1107 3927 1192 3978 quaa,
1216 3915 1252 3968 al.

166 3978 411 4048 quaepaaian.
446 4006 481 4017 -
515 3976 546 4044 4)
564 3991 693 4028 amesseae
709 3976 765 4028 BR.
800 4003 836 4014 —
871 3973 901 4041 ὅ)
919 3991 1008 4042 cymen
1025 3977 1060 4032 T.
1072 3981 1098 4031 2.
1120 3986 1149 4034 et
1164 3982 1251 4036 M.—

134 4051 166 4122 0)
183 4049 369 4116 concrepandae
385 4048 511 4100 modiatas
527 4046 619 4100 Vallic.
646 4046 771 4114 trostmar
788 4044 821 4098 Τ.
834 4045 860 4095 2.
878 4049 906 4097 et
921 4045 959 4097 M.
1001 4075 1037 4085 —
1089 4048 1118 4118 l)
1136 4053 1252 4108 amathas

168 4117 213 4170 AE.
229 4115 287 4169 BR.
304 4117 336 4169 ll.
351 4115 377 4170 4.
394 4117 428 4170 Τ.
440 4119 468 4170 1.
481 4120 508 4170 2.
525 4121 552 4169 et
568 4117 607 4170 Μ.
642 4143 678 4155 -
726 4113 755 4180 ὓ)
773 4129 819 4180 ope
836 4113 979 4180 Hispaniae
994 4124 1099 4169 nostrae
1115 4135 1190 4186 qaam
1206 4139 1281 4175 re-r

166 4188 293 4256 planasia
309 4186 356 4240 bac
372 4187 446 4240 domo
463 4185 556 4241 Vallic.
590 4215 627 4227 -
668 4181 697 4250 θ’)
715 4183 825 4250 alligata
841 4184 1034 4252 innotescimus,
1056 4187 1089 4237 al.
1106 4198 1168 4246 nala
1184 4195 1252 4260 feci·

128 4261 131 4268 ’
167 4271 224 4307 arao
238 4255 268 4306 in
286 4272 320 4307 m.
338 4257 377 4308 Μ.
415 4255 464 4298 --”
494 4255 545 4324 1⁰)
562 4253 726 4308 econamum
741 4253 779 4306 M.
813 4276 850 4292 -
893 4253 943 4321 11)
960 4256 1125 4309 successivam
1141 4259 1179 4312 Μ.
1215 4290 1250 4302 ..

130 4325 181 4393 1²)
199 4324 358 4388 Recensitur
372 4323 531 4388 tomos-adet
548 4324 638 4390 regios
655 4323 837 4388 prommttnote
852 4325 968 4388 notorio,
992 4326 1137 4388 symbolum
1153 4329 1269 4384 Nicaa·

168 4411 232 4450 uum
253 4400 280 4446 et
298 4393 629 4464 Constantinopolltauum‚
654 4396 780 4444 tractatus
806 4391 1028 4446 Chalcedonensis
1051 4395 1163 4464 concilii,
1187 4399 1251 4452 fidei
1301 4411 1305 4418 “

132 4475 136 4484 “
169 4463 300 4520 confessio
325 4463 525 4534 episcoporum,
548 4463 762 4534 presbyterorum
780 4463 823 4513 vel
846 4461 989 4528 primorum
1005 4463 1134 4518 Gothicae
1151 4470 1250 4534 gentis,

167 4535 262 4588 XXIII.
276 4533 494 4600 anathematismi.
513 4545 553 4572 '—
586 4531 636 4598 1³)
652 4545 700 4598 creo
717 4532 800 4598 possit
817 4531 853 4583 M.
878 4560 913 4571 -
946 4532 996 4601 Ν)
1012 4536 1198 4608 proclamorum
1213 4539 1250 4590 M.

131 4604 378 4671 ¹⁵)etom.aM.
413 4633 449 4650 -
488 4601 641 4670 ¹⁶)aoM.
675 4627 711 4640 —
