2912 5060
207 237 277 309 Μ
468 234 710 306 ΟΟΝΟΜΠΜ
730 235 1002 306 romanatum
1017 239 1106 318 vra,

208 407 406 494 quotidianos
431 415 597 472 versantur
625 427 657 472 m
683 427 771 473 usus.
832 407 968 474 Proinde
998 411 1133 476 sollicite
1160 409 1371 478 constituitur
1430 413 1431 428 ³

209 506 304 578 atque
333 494 526 575 decernitur,
556 502 592 556 ut
622 491 771 574 nultus1)
801 493 1027 578 cujuscumque
1057 497 1218 582 dignitatis
1250 497 1371 560 eccle-

209 583 360 646 siasticae
382 579 533 660 deinceps
560 577 758 660 percipiat2]
787 581 932 665 gradum,
962 584 1015 665 qui
1035 601 1097 646 non
1117 592 1216 647 totum
1235 583 1370 664 psalte-

208 669 286 730 rium
315 667 369 728 vel
402 667 593 728 cantieorum
622 666 776 728 usualium
807 676 841 728 et
868 668 1051 750 hymnorum
1080 668 1150 730 sive
1179 667 1371 750 baptizandi

207 754 349 834 perfecte
369 749 535 829 reveriti)
547 752 805 832 supplementum.
841 753 888 814 Illi
908 751 1105 836 sane⁴),qui
1121 753 1187 834 iam
1208 755 1368 818 honorum

209 839 362 922 dignitate
382 836 560 920 funguntur,
581 835 714 917 hujusce
735 845 841 898 tamen
854 840 1047 922 ignorantiae
1063 841 1221 904 coecitate
1233 859 1368 902 vexan-
1431 893 1432 906 ,

209 933 275 1007 tur,
297 931 353 990 ant
372 932 487 1002 sponte
507 931 631 984 sumant
650 922 855 984 intentionem
875 925 1056 988 necessaria
1076 923 1283 1009 perdiscendi,
1307 933 1367 988 aut

211 1009 418 1090 amajoribus
439 1006 644 1070 adlectionis
666 1007 817 1071 exercitio
837 1019 991 1092 cogantur
1010 1009 1108 1074 inviti.

291 1089 511 1170 Absurdum⁵)
533 1091 687 1172 siquidem
709 1101 761 1154 est
780 1112 855 1175 eos,
876 1095 930 1176 qui
951 1103 1076 1158 ceteros
1097 1093 1307 1176 simpliciores
1329 1101 1364 1154 et

209 1180 309 1244 laicos
333 1179 467 1258 habent,
493 1177 622 1259 dooere,
657 1179 769 1259 quihus
796 1187 830 1240 et
856 1178 1038 1260 disciplinae
1066 1189 1100 1244 et
1126 1183 1213 1242 vitae
1242 1177 1364 1241 debent

210 1283 285 1328 esse
304 1262 579 1344 velutiquoddam
599 1264 777 1344 speculum,
798 1263 838 1328 ad
859 1265 991 1348 alicujus
1012 1263 1127 1330 ordinis
1145 1267 1199 1330 val
1220 1263 1362 1348 dignita-

210 1351 253 1419 tis
279 1349 455 1430 promoveri
481 1357 620 1431 statum,
651 1350 704 1430 qui
731 1349 837 1432 legem
864 1349 915 1414 dei
944 1353 1087 1435 ignorant
1115 1370 1175 1416 neo
1201 1349 1360 1414 literarum

208 1437 323 1502 saltem
349 1435 562 1498 mediocritate
590 1443 665 1498 sunt
691 1435 840 1518 insigniti.
881 1437 996 1500 Nullus
1017 1437 1112 1520 igitur
1133 1435 1174 1500 ad
1194 1453 1289 1500 sacra
1306 1433 1356 1496 dei

207 1522 359 1605 mysteria
376 1520 540 1584 tractanda
558 1522 667 1582 veniat
685 1520 831 1584 indoctus
851 1520 934 1584 lotus
956 1524 1068 1606 aliquis
1088 1531 1143 1586 aut
1162 1521 1357 1606 ignorantiae

208 1608 347 1674 tenebris
368 1609 565 1687 caecutiens,
594 1605 655 1670 sed
675 1607 763 1668 solus
784 1607 813 1668 is
834 1607 984 1690 accedat,
1014 1628 1107 1690 quem
1127 1627 1247 1670 morum
1267 1607 1360 1667 inno-

212 1695 317 1758 centia
345 1701 380 1756 et
407 1693 563 1754 literarum
590 1691 737 1772 splendor
762 1691 894 1754 reddunt
914 1693 1072 1756 illustrem.
1113 1695 1214 1756 Aliter
1234 1691 1362 1754 ordina-

208 1779 288 1842 turis
315 1787 348 1842 et
374 1777 551 1842 ordinandis
577 1778 716 1842 imminet
746 1778 777 1838 in
803 1787 963 1859 posterum
985 1777 1037 1842 dei
1057 1787 1090 1842 et
1110 1777 1180 1860 ejus
1201 1777 1361 1841 ecclesiae

206 1865 354 1928 vindicta.

759 1947 805 2008 IX

292 2034 407 2097 Nonne
428 2031 608 2094 intentionis
628 2029 787 2094 admonitu
809 2030 937 2095 detecta
958 2043 1010 2096 est
1028 2033 1186 2115 ingluvies
1206 2027 1360 2094 horrenda

208 2120 385 2200 voracium,
415 2137 496 2198 quae
524 2117 596 2178 dum
623 2118 710 2178 freno
731 2118 937 2197 parsimoniae
965 2139 1028 2180 non
1057 2117 1258 2200 adstringitur
1283 2117 1358 2177 reli-

209 2206 295 2289 gioni
316 2205 467 2266 contraire
487 2201 687 2282 censatum),
709 2221 781 2264 nam
801 2203 925 2266 dicente
947 2207 1101 2286 scriptura
1113 2203 1164 2282 ⁷):
1190 2203 1253 2282 Qui
1270 2222 1355 2284 aper-

208 2293 261 2354 nit
280 2291 430 2365 minimo,
456 2288 619 2370 paulatim
639 2288 765 2350 decidet
785 2289 821 2351 ira
841 2292 999 2366 mmo,
1020 2291 1061 2352 illi
1084 2299 1170 2353 tanto
1192 2287 1353 2350 edacitatis

209 2377 367 2457 improbae
392 2375 562 2454 sumptu⁸)
591 2385 792 2457 grassantur,
822 2384 856 2436 ut
883 2377 1035 2438 coelestia
1061 2385 1093 2438 et
1115 2394 1216 2458 paene
1237 2389 1356 2436 summa

208 2550 306 2611 totius
332 2548 473 2612 decimae
501 2546 703 2626 deputentur,
734 2564 816 2627 quae
842 2547 874 2608 in
901 2547 1086 2610 oblationem
1101 2547 1134 2626 ⁹)
1162 2544 1271 2627 jejunii
1298 2543 1359 2606 do-

208 2633 349 2711 minim)
378 2641 620 2713 consecrantur,
648 2633 761 2710 quibus
787 2633 882 2694 etiam
909 2633 1109 2696 saluberrime
1137 2632 1273 2696 conditio
1294 2629 1358 2692 hu-

210 2720 294 2782 mani
314 2719 442 2800 generis
462 2719 621 2798 expiatur,
643 2717 715 2778 dnm
736 2737 756 2778 a
777 2727 909 2804 quatuop
928 2719 1035 2782 mundi
1054 2720 1193 2798 partibus
1214 2715 1255 2778 ad
1275 2716 1359 2778 hanc

208 2805 302 2870 homo
336 2805 518 2886 religionem
547 2802 722 2866 crediturus
752 2802 935 2886 adducitur,
971 2813 1005 2868 et
1035 2813 1166 2886 quatuor
1194 2803 1359 2864 elementis

208 2891 358 2954 formatus
384 2898 509 2970 propter
535 2889 817 2972 transgressionem
846 2888 991 2972 decalogi
1012 2899 1121 2974 quater
1143 2889 1251 2954 decies
1279 2907 1359 2950 oon-

208 2977 372 3038 venionter
393 2975 554 3057 affligitur,
580 2975 623 3036 illi
643 2994 722 3036 ausu
743 2976 906 3036 temerario
926 2975 1008 3040 haec
1028 2978 1131 3040 omnia
1151 2983 1359 3038 contemnen-

211 3069 263 3124 tes
290 3079 352 3122 nec
378 3061 561 3122 voracitatis
586 3062 757 3144 ingluviem
781 3060 989 3143 frenant11),
1020 3073 1053 3124 et
1078 3061 1161 3143 quod
1188 3058 1280 3142 pejus
1307 3067 1359 3120 est

209 3146 372 3230 paschalia
401 3147 486 3208 festa
516 3147 689 3209 illicitorum
719 3164 830 3208 esuum
865 3149 1067 3228 perceptione
1082 3147 1137 3225 ¹²)
1176 3145 1359 3226 profanant:

212 3235 325 3315 quibus
346 3251 388 3294 ex
406 3232 468 3296 hoo
489 3232 569 3295 adeo
597 3233 746 3296 acerrime
774 3231 981 3314 interdicitur,
1008 3241 1043 3294 ut
1071 3233 1211 3313 quisquis
1238 3232 1359 3312 absque

92 3359 93 3364 κ
195 3319 380 3399 ,inevitabili
408 3319 602 3382 necessitate
631 3327 727 3398 atque
755 3318 931 3398 tragilitatis
960 3318 1100 3380 evidenti
1128 3317 1279 3400 languore
1299 3333 1360 3378 seu

209 2470 408 2525 contemnere
436 2460 609 2522 videantur.
650 2461 776 2522 Etenim
804 2478 875 2522 cum
901 2461 1160 2545 quadragesimae
1190 2459 1259 2522 dies
1286 2457 1358 2520 anni

210 3406 306 3466 etiam
334 3404 449 3465 aetatis
474 3404 723 3484 impossibilitate
751 3403 861 3464 diebus
888 3403 1147 3484 quadragesimae
1174 3422 1265 3464 esum
1287 3421 1360 3464 car-

210 3491 294 3552 nium
315 3492 558 3570 praesumpserit
578 3497 751 3568 attentare,
772 3507 834 3548 non
855 3488 957 3550 solnm
978 3507 1052 3550 reus
1074 3491 1132 3550 erit
1152 3489 1359 3550 resurrectio-

210 3575 260 3637 nis
289 3573 478 3656 dominicae,
514 3593 623 3636 verum
650 3575 743 3634 etiam
771 3573 891 3634 alienus
921 3575 959 3636 ab
988 3571 1129 3654 ejusdem
1156 3573 1218 3636 diei
1246 3582 1360 3636 saneta

211 3661 445 3741 communione,
474 3667 507 3720 et
531 3661 593 3722 hoo
615 3659 656 3720 illi
677 3659 849 3722 cumuletur
870 3657 910 3719 ad
930 3678 1082 3738 poenam,
1111 3669 1147 3722 ut
1167 3660 1266 3740 ipsius
1288 3659 1360 3720 anni

210 3755 351 3827 tempora
382 3746 420 3806 ab
450 3746 532 3806 omni
561 3765 619 3806 esu
647 3745 784 3806 earnium
812 3745 970 3806 abstineat
999 3746 1104 3829 gulam
1115 3790 1125 3826 ,
1159 3747 1232 3826 qnia
1260 3745 1359 3806 sacris

211 3833 322 3896 diebus
344 3831 550 3892 abstinentiae
572 3829 686 3892 oblitus
707 3838 758 3891 est
780 3828 983 3910 disciplinam.
1024 3831 1070 3891 lili
1089 3849 1184 3912 vero,
1205 3849 1286 3910 quos
1304 3836 1357 3890 aut

212 3926 303 3982 aetas
324 3918 466 3977 incurvat
487 3925 544 3978 aut
563 3917 695 3998 languor
715 3923 868 3976 extenuat
889 3925 944 3976 aut
965 3917 1143 3978 necessitas
1163 3924 1274 3994 arctat,
1296 3933 1358 3976 non

211 4012 286 4068 ante
306 4002 458 4083 prohibita
471 4003 588 4065 violare
609 4007 819 4082 praesumant,
834 4017 927 4083 qnam
947 4020 967 4064 a
988 4001 1154 4065 sacerdote
1175 4001 1362 4082 permissum

210 4090 375 4170 accipiant.

210 4212 412 4234 μ’*

247 4271 277 4384 1)
294 4270 433 4392 nulliorMin
449 4287 484 4323 m.
501 4271 559 4378 M.⁸
572 4299 622 4391 —R
640 4267 682 4392 ¹2)
697 4271 841 4390 perlpipinot
858 4267 941 4353 ibid..
961 4300 999 4392 ἆ-
1046 4270 1075 4338 ³)
1093 4275 1209 4355 noverint
1226 4273 1293 4326 ibid.
1326 4305 1362 4356 -Ι

265 4342 502 4480 ittarta
520 4339 746 4464 aalaidis.
757 4344 1249 4479 'tristitiattttttttlt:
1262 4346 1364 4468 iim}

250 4481 454 4550 r)str.1n,1.
505 4509 542 4520 —-
594 4481 623 4550 ⁸)
641 4487 715 4543 mato
732 4481 866 4534 edacitatis
883 4481 1047 4546 inrprnbitate
1069 4482 1097 4536 in
1114 4501 1148 4535 m.
1165 4484 1203 4536 ill.
1237 4516 1273 4526 —

249 4553 280 4620 θ)
296 4553 327 4606 ia.
340 4550 468 4604 otlntione
484 4551 522 4604 M.
552 4581 587 4593 -
619 4551 670 4619 ¹⁰)
687 4552 788 4604 domino
806 4551 835 4604 in
853 4567 887 4603 ιιι.
904 4551 942 4604 Μ.
976 4580 1012 4592 -
1044 4553 1094 4622 Η)
1111 4570 1160 4606 non
1176 4555 1279 4621 tresont
1298 4551 1364 4620 (orn.

283 4635 347 4674 roca
361 4619 418 4689 aar)
435 4622 472 4674 M.
508 4649 542 4662 -
584 4619 633 4690 Η)
649 4626 827 4690 praereptione
843 4620 881 4674 id.
916 4649 951 4663 -—
1060 4619 1062 4626 '
