2880 5050
293 255 566 330 woorucrnruu
594 205 866 326 nonnunqum
884 257 987 326 nvn.
1153 231 1231 330 ‘aar

68 431 220 502 omnibus
239 435 405 495 reservata
424 425 475 511 ¹),
499 434 536 490 ut
554 428 584 492 si
605 419 755 510 deinceps
774 427 907 514 quisquo
926 429 967 512 ²)
989 436 1098 499 eontra
1109 429 1230 515 regiam
1265 473 1271 477 ,

66 526 293 604 potestatem,
323 522 476 599 gentem,
506 515 638 595 patriam
655 513 689 592 3)
718 524 857 577 nostram
885 535 983 598 agere
1008 517 1142 579 conatus
1168 536 1233 578 ex·

68 607 198 686 titerit,
228 601 322 682 juxta
356 600 540 662 canonicam
574 601 764 672 sententiam
795 597 936 680 tempore
963 601 1179 681 praecessoris
1193 599 1230 680 ⁴)
1339 639 1340 646 κ

70 691 175 756 nostri
201 686 315 748 domini
342 683 511 746 sisenandi
539 684 687 764 principis
715 684 896 747 dotalibus
922 685 1066 766 personis
1091 687 1123 746 in
1149 703 1229 748 con-

71 779 147 842 cilio
176 772 294 834 editam
320 770 374 830 vel
401 767 484 850 legis
509 770 699 830 sententiam
728 767 796 847 ejus
822 769 939 832 debeat
957 772 1098 850 pravitas
1117 771 1230 834 acriter

71 856 238 938 coerceri,·
262 862 382 916 tantum
403 861 473 932 est,
501 861 537 912 ut
550 855 642 914 'sicut
662 851 894 934 praemisimus,
920 873 981 935 quo
1003 855 1230 918 emendationis

70 945 182 1011 studio
204 937 466 1004 errantium‘mihi
486 936 696 1020 transgressio
715 939 906 1020 emendetur,
923 938 1069 1002 salutaris
1085 938 1230 1018 vestri⁶)

71 1027 241 1110 responsio
263 1025 381 1087 nostris
401 1023 559 1084 clarescat
583 1023 616 1082 in
644 1023 799 1094 sensibus.
847 1025 931 1086 Nam
959 1033 992 1085 et
1021 1025 1082 1086 hoc
1110 1025 1231 1086 decreti

76 1115 182 1180 vestri
201 1109 356 1174 coudecet
378 1108 463 1189 stylo
485 1107 692 1187 censendum,
718 1116 754 1168 nt
769 1105 803 1184 ⁶)
824 1105 899 1188 quia
918 1127 1103 1188 praecessor
1116 1117 1231 1171 noster

74 1203 172 1265 divae
189 1195 223 1276 a)
251 1192 417 1256 memoriae
444 1191 587 1254 dominus
605 1192 747 1254 Wamba
767 1211 824 1253 rex
844 1194 876 1253 in
895 1194 973 1273 ipsis
994 1194 1144 1276 regnandi
1163 1193 1233 1275 pri-

73 1283 204 1350 mordiis
230 1276 508 1341 'l'heudemundum
533 1277 703 1356 spatarium
730 1285 869 1338 nostrum
891 1287 1002 1340 contra
1020 1279 1147 1361 generis
1174 1275 1230 1340 vel

75 1369 194 1434 ordinis
218 1363 269 1428 sni
294 1381 403 1442 usum,
433 1359 525 1423 It'esti
545 1361 700 1442 qnondam
727 1360 908 1424 incitatione
932 1363 1140 1426 Emeritensis
1159 1362 1233 1444 epi-

75 1455 179 1535 scopi,
199 1450 297 1514 solius
317 1456 438 1510 tantum
459 1447 568 1528 regiae
588 1447 759 1526 potestatis
778 1447 912 1528 impulsu
927 1445 959 1509 in
976 1447 1119 1510 eamdem
1129 1450 1232 1510 Erne-

73 1543 227 1604 ritensem
253 1535 361 1599 urbem
376 1532 420 1610 ⁸).
444 1533 636 1594 numerariae
667 1531 802 1594 officium
834 1550 931 1615 agere
955 1535 1112 1615 instituit,
1146 1531 1235 1614 quod·

77 1627 174 1688 etiam
200 1621 292 1682 unius
321 1618 393 1680 anni
423 1635 559 1680 excursu
585 1625 695 1678 eontra
720 1615 871 1678 rationem
896 1619 1036 1680 noscitur
1055 1621 1231 1702 peregisse,

76 1714 171 1774 immo
200 1705 272 1786 quia
298 1722 359 1766 nec
387 1702 487 1764 valuit
513 1701 640 1782 imperio
667 1703 774 1782 gentis
803 1700 976 1782 obsistere,
1005 1706 1105 1766 vestri
1126 1705 1231 1766 edicto

81 1789 206 1858 concilii
233 1792 272 1852 ab
303 1787 416 1850 eodem
438 1785 683 1851 Theudemundo
705 1805 825 1866 suaque
845 1789 928 1849 omni
947 1791 1134 1870 posteritate
1157 1788 1232 1852 talis

77 1875 213 1944 actionis
239 1873 376 1936 officium
404 1872 622 1952 suspendatis,
652 1890 713 1951 quo
736 1873 819 1932 nullo
846 1873 977 1936 ulterius
995 1884 1144 1954 tempore
1165 1883 1233 1938 tam

77 1969 149 2046 ipse
179 1979 272 2041 qnam
301 1959 402 2019 omnis
431 1955 500 2036 ejus
530 1953 699 2038 progenies
727 1975 828 2037 usque
857 1957 889 2018 in
920 1958 1014 2022 finem
1042 1960 1163 2023 saeculi
1190 1959 1233 2022 ob

78 2053 163 2114 hanc
185 2063 313 2108 causam
333 2042 498 2104 videantur
519 2043 716 2122 aliquatenus
737 2041 903 2104 molestari.
1305 2095 1307 2098 .

165 2132 282 2194 Datum
310 2127 369 2190 sub
397 2123 447 2188 die
468 2127 629 2189 Kalendas
649 2124 754 2206 majas
773 2145 855 2188 anno
876 2125 1010 2192 feliciter
1028 2137 1122 2192 sexto
1143 2124 1234 2212 regni

79 2215 200 2300 nostri,
219 2217 251 2276 in
273 2213 324 2280 dei
344 2212 485 2292 nomine,
510 2211 749 2290 sedis.nostrae
769 2213 892 2276 Toleto.
949 2239 953 2242 ·
1024 2213 1031 2222 ”

466 2502 847 2525 m

110 2769 463 2868 eonornrun
496 2735 890 2859 nonnunqum
921 2767 1209 2859 nnornun

472 2870 846 2972 snournuna

84 3009 280 3072 nannum
301 3004 496 3088 ANN010)
518 3007 855 3073 nnursrosrssnur
876 3007 936 3071 no
958 3007 1241 3071 sunnnnssnn

84 3093 239 3157 norum
268 3091 430 3154 nosnru
458 3091 644 3156 serenan
671 3094 803 3159 snsrs
832 3091 1020 3158 snnrmo
1050 3094 1130 3156 sun
1162 3093 1234 3154 nm

102 3231 119 3274 Ι,
194 3175 357 3255 oumuo
383 3177 481 3242 mus
508 3177 763 3244 Novnnnrns
793 3181 884 3244 nan
903 3179 1124 3242 ncoxxrur

83 3395 190 3500 Dum
223 3439 256 3500 in
290 3439 427 3502 ecclesia
458 3441 616 3524 gloriosae
649 3439 780 3526 virginis
817 3447 851 3502 et
889 3437 1079 3502 confessoris
1116 3436 1236 3502 Christi

85 3537 217 3594 sanctae
231 3533 428 3615 leocadiae,
444 3540 532 3614 'quae
554 3543 604 3597 est
625 3535 657 3596 in
678 3533 824 3598 suburbio
843 3531 994 3594 'l'oletano
1017 3533 1070 3610 ubi
1090 3541 1236 3594 sanctum

88 3615 156 3694 ejus
179 3635 292 3698 corpus
313 3620 494 3700 requiescit,
516 3620 654 3702 plerique
676 3619 896 3700 Hispaniarum
918 3627 951 3678 et
966 3615 1136 3680 Galliarum
1153 3637 1237 3698 pon-

85 3700 188 3762 tifices
210 3705 483 3784 convenissemus,
506 3701 620 3766 debitis
641 3705 730 3767 nobis
752 3705 783 3766 in
804 3703 883 3765 loeis
905 3701 1114 3764 residentibus
1136 3701 1236 3763 adfuit

84 3785 166 3848 idem
187 3786 428 3867 gloriosissimus
449 3789 596 3868 princeps
617 3787 739 3850 fervore
761 3797 894 3850 sanotae
919 3785 1095 3848 devotionis
1116 3805 1236 3850 aecen-

84 3889 140 3933 sus
161 3872 325 3952 sanctique
347 3875 475 3954 spiritus
501 3892 628 3934 munere
655 3866 784 3954 plenus,
811 3871 896 3934 etin
917 3871 1020 3934 medio
1040 3872 1139 3958 nostri
1156 3891 1237 3936 con-

84 3957 203 4018 sistens
224 3957 377 4038 inclytum
398 3964 495 4038 caput
516 3959 672 4021 reclinans
691 3976 767 4026 sese
787 3975 807 4018 a
824 3953 915 4019 nobis
931 3955 1074 4041 benedici
1091 3957 1237 4038 poposcit

85 4047 118 4127 et
139 4039 309 4104 orationum
330 4051 506 4106 nostrarum
533 4043 688 4110 effusione
717 4043 841 4106 domino
871 4041 1079 4106 commendari
1106 4041 1237 4124 optavit.

119 4259 149 4396 ii
161 4259 420 4396 {medita—n.
437 4259 776 4396 {baqqulquz
793 4259 1239 4396 ⁸d)⁹‘ss{⁰'i¹1‚“⁰.'.'⁶'i')“'3pffiejfi

120 4399 148 4466 ⁸)
165 4399 193 4448 io
210 4401 297 4450 eedem
314 4400 469 4450 Enarritensi
485 4397 549 4450 rate
564 4396 616 4450 M:
643 4427 679 4437 -
727 4399 756 4461 θ)
774 4396 857 4450 Deest
873 4398 923 4450 hoc
941 4397 1078 4451 concilium
1096 4397 1124 4450 in
1140 4399 1172 4450 A.
1190 4399 1236 4452 AE.

50 4473 57 4486 ’
152 4467 184 4519 Ε.
197 4469 241 4532 3.;
267 4470 433 4535 desumptum
450 4471 491 4520 eat
508 4484 523 4520 e
543 4467 634 4521 codice
650 4469 708 4520 BR.
726 4481 786 4518 cum
803 4466 964 4520 variantibus
981 4474 1127 4522 ceterorum
1145 4468 1239 4522 lectio-

154 4537 239 4590 nibus.
275 4567 310 4578 —
343 4538 394 4603 ¹⁰)
411 4541 443 4589 lo
458 4539 558 4590 nomiae
575 4538 680 4592 domini.
714 4536 809 4601 Incipit
825 4539 936 4603 spondae
955 4539 1079 4592 Toletum
1092 4540 1178 4592 xm.
1195 4553 1239 4591 rc-

151 4608 211 4674 μυῖα
229 4615 335 4660 sunctae
351 4607 411 4671 fidei
427 4607 573 4661 decernente
590 4607 693 4674 imperii
709 4620 777 4658 anno
794 4605 831 4657 M.
864 4623 901 4674 ²¹¹:
961 4667 965 4674 ι
1028 4657 1031 4664 ,
