2912 5060
186 273 190 282 '
210 267 279 336 278
467 266 709 334 cononum
732 265 1003 334 notaremur
1016 265 1099 334 vlu

212 441 331 504 meritis
345 437 380 520 ¹)
414 439 612 503 honorandus
648 447 744 521 atque
778 459 812 500 ιιι
844 437 957 501 ethicis
993 436 1218 506 assertionibus
1258 455 1371 518 paene

213 529 337 591 cunctis
357 527 466 587 merito
487 525 720 607 praeferendus,
741 525 790 586 sic
809 525 842 585 in
862 524 947 586 libris
967 523 1058 586 infert
1078 523 1261 586 moralibus:
1279 521 1372 600 Quia

213 629 289 694 argo
310 611 485 673 Behcmoth
505 613 567 672 iste
589 612 633 672 ita
652 610 919 690 inexplicabilibus
939 609 1031 672 nodis
1051 611 1148 692 ligat,
1168 616 1204 670 ut
1223 609 1372 688 plerum-

213 717 276 780 que
303 715 392 758 mens
418 697 450 757 in
479 695 571 758 dubio
599 695 750 776 adducta,
778 694 862 756 unde
887 713 925 757 se
946 714 966 756 a
986 695 1079 775 culpa
1099 695 1223 758 solvere
1243 695 1369 775 nititur,

212 781 286 845 inde
306 783 338 843 in
350 781 384 862 ²)
407 782 498 862 culpa
520 781 636 844 arctius
656 781 875 863 adstringatur,
895 787 984 842 recte
1005 781 1131 843 dicitur:
1152 775 1253 844 Nervi
1267 783 1370 844 testi·

213 867 351 932 caenon
372 868 440 948 ejus
455 865 604 950 perplexi
624 865 753 944 saw).
783 867 979 948 Argumenta
999 885 1133 946 namque
1153 865 1370 928 machinatio-

211 971 285 1016 num
305 953 388 1014 illius
409 953 500 1033 quasi
520 952 714 1014 collaxantur
724 950 759 1029 ⁴)
785 959 821 1012 ut
847 951 1035 1032 relinquant,
1068 971 1106 1012 eo
1133 952 1237 1034 magis
1256 952 1368 1032 impli-

211 1047 322 1101 cantur
347 1045 385 1100 ut
410 1037 594 1117 teneantl).
656 1038 717 1098 list
746 1043 849 1098 tarnen
878 1037 961 1116 quod
987 1037 1028 1100 ad
1054 1035 1262 1100 destruendas
1292 1035 1366 1117 ojus

210 1125 369 1186 versutias
388 1124 505 1184 utiliter
525 1122 598 1204 fiat,
624 1129 661 1184 ut
669 1120 703 1201 a)
732 1139 804 1183 cum
824 1139 914 1183 meus
934 1122 1152 1184 interminare
1172 1131 1205 1186 at
1224 1123 1366 1186 maxima

209 1217 346 1290 peccata
372 1208 608 1290 constringitur,
638 1207 667 1268 si
694 1208 816 1268 omnino
836 1207 939 1270 nullus
959 1207 1028 1269 sine
1049 1215 1183 1289 peccato
1205 1207 1366 1272 evadendi

210 1295 314 1356 aditus
339 1302 443 1375 patet,
474 1295 592 1360 minora
616 1311 742 1372 semper
766 1291 935 1374 eligantur,
967 1294 1040 1374 quia
1067 1301 1102 1356 ct
1129 1293 1182 1374 qui
1207 1311 1365 1358 murorum

166 1445 169 1456 ,
209 1380 345 1460 undique
367 1380 483 1441 ambitu
503 1397 543 1440 ne
564 1379 666 1461 iirgiat
686 1378 847 1457 clauditur,
867 1378 909 1438 ibi
931 1397 968 1439 re
988 1379 1020 1440 in
1038 1377 1145 1461 surgam
1165 1379 1364 1460 praecipitat,

209 1467 263 1527 ubi
289 1466 412 1527 brevior
440 1483 547 1526 mums
575 1463 738 1525 invenitur.
799 1463 910 1525 Nostri
943 1481 1069 1544 quoque
1103 1465 1224 1526 saeculi
1251 1463 1363 1528 doctor

211 1552 378 1633 egregius,
400 1551 559 1612 ecclesiae
581 1548 756 1611 catholicae
775 1549 978 1612 novissimum
996 1549 1113 1630 decus,
1139 1549 1361 1630 praecedenti-

209 1637 269 1699 bus
291 1644 399 1698 aetate
418 1643 614 1716 postremus,
642 1634 803 1696 doctrinae
824 1635 1055 1714 comparatione
1076 1653 1138 1696 non
1159 1633 1301 1716 iniimus,
1327 1644 1362 1698 et

209 1721 293 1803 quod
321 1721 424 1804 magis
460 1728 513 1782 est
540 1721 572 1782 in
600 1721 796 1782 saeculorum
830 1719 893 1780 fine
923 1719 1125 1782 doctissimus
1156 1728 1251 1800 atque
1288 1739 1362 1782 cum

210 1809 386 1870 reverentia
406 1806 612 1868 nominandus
632 1805 769 1867 Isidorus
789 1805 820 1865 in
841 1805 917 1866 libro
938 1805 1162 1868 sententiarum
1175 1805 1362 1886 secundcl)

208 1893 290 1956 haec
310 1911 365 1973 pro
387 1892 442 1954 tali
462 1900 565 1954 narrat
585 1892 730 1972 negotio:
750 1891 825 1952 Non
846 1897 897 1950 est
912 1890 1158 1954 conservandum
1179 1909 1362 1954 sacramen-

209 1987 290 2057 tum,
313 1995 374 2058 quo
395 1976 553 2056 malurn⁸)
580 1977 707 2038 incaute
727 1975 928 2056 promittitur,
957 1977 1056 2038 veluti
1076 1978 1105 2038 si
1125 1977 1277 2057 quispiam
1300 1977 1361 2038 ad-

209 2064 329 2124 ulterae
350 2069 534 2142 perpetuam
554 2079 625 2122 omn
647 2080 687 2121 ea
707 2059 907 2139 permanendi
927 2060 1020 2123 iidem
1045 2062 1249 2144 polliceatur3
1276 2064 1359 2124 tole-

208 2147 333 2208 rabilius
361 2155 411 2208 est
438 2148 520 2208 enim
545 2165 606 2207 non
637 2147 765 2226 implere
790 2155 1036 2229 sacramentum,
1061 2167 1152 2228 quam
1179 2165 1360 2228 permanere

207 2233 240 2294 in
261 2232 360 2311 stupri
385 2231 515 2312 flagitio.
556 2231 704 2292 Similiter
730 2233 762 2292 in
782 2231 997 2313 Synonymis:
1032 2234 1068 2294 ln
1089 2234 1178 2295 malis
1197 2235 1357 2313 promissis

207 2317 352 2380 rescinde
372 2316 476 2396 iidem,
497 2318 529 2377 in
550 2317 631 2396 turpi
651 2323 727 2378 voto
748 2325 834 2378 muta
855 2316 1032 2400 decretum3
1053 2319 1136 2398 quod
1156 2319 1282 2382 incaute
1294 2337 1355 2380 vo·

207 2404 300 2483 visti,
328 2421 391 2464 non
413 2401 569 2480 faciasl).
611 2402 710 2482 Impia
739 2410 790 2463 est
816 2403 995 2483 promissio,
1015 2421 1096 2484 quae
1117 2404 1239 2468 scelere
1257 2403 1358 2470 adim-

207 2489 317 2569 pletur.
359 2489 451 2549 Haec
478 2487 518 2550 de
546 2488 646 2548 sacris
673 2487 798 2570 paginis
824 2489 1066 2569 auctoribusque
1088 2490 1265 2569 praecipuis
1285 2491 1359 2557 bro-

206 2575 337 2638 vissime
360 2574 497 2636 sufficiat
517 2573 726 2654 praelibasse,
748 2591 820 2636 nam
840 2575 969 2654 plurima
989 2575 1139 2656 colligere
1159 2575 1284 2655 poterit,
1305 2576 1358 2657 qui

204 2661 288 2722 haec
308 2661 460 2722 attentius
481 2659 616 2742 legendo
637 2658 821 2738 quaesierit:
843 2667 981 2720 ceterum
1002 2661 1114 2740 quibus
1133 2661 1215 2724 haec
1236 2679 1359 2742 nequa-

205 2765 299 2826 quam
326 2745 498 2824 sufficiunt,
525 2745 578 2804 vel
605 2745 679 2806 hinc
706 2751 831 2805 sumant
858 2761 929 2806 cum
955 2747 1065 2807 rubore
1086 2744 1258 2825 silentium,
1286 2748 1358 2826 quia

205 2839 366 2910 optamus,
388 2839 424 2890 ut
437 2829 493 2906 1⁰)
514 2849 574 2892 vas
595 2829 774 2910 electionis,
796 2830 968 2892 cautbema
988 2851 1056 2892 esec
1081 2829 1206 2894 Christo
1219 2829 1273 2907 ¹¹)
1295 2851 1357 2915 pro

81 3003 87 3020 Ι
197 2916 359 2997 fratribus
380 2916 500 2976 nostris
513 2914 582 2995 ¹²),
603 2934 696 2996 quam
716 2914 883 2996 perdurare
904 2914 1081 2979 crudelibus
1102 2916 1134 2978 ia
1155 2916 1289 2980 delictis.

756 3015 800 3075 ΠΙ

290 3101 418 3163 'l'ertiac
450 3099 694 3162 ratiocinationis
732 3100 865 3182 alloquio
899 3101 1051 3164 doluimus
1085 3111 1193 3165 contra
1225 3103 1356 3184 priorum

191 3187 319 3262 ¹monita
345 3195 467 3266 patrum
494 3191 573 3246 vota
600 3183 865 3265 perniciosissima
891 3195 1106 3270 posterorum,
1141 3207 1213 3250 nam
1241 3197 1356 3269 quanto

202 3273 396 3354 frequentius
417 3271 459 3331 illi
480 3272 574 3332 noxia
595 3278 781 3351 vetuerunt,
802 3280 890 3336 tanta
912 3273 1084 3335 studiosius
1104 3274 1157 3335 isti
1178 3283 1356 3354 perpetrare

203 3361 304 3419 vetita
325 3376 386 3419 non
408 3357 592 3436 quiescunt3
613 3357 723 3438 sicque
744 3359 1005 3438 percontrarium
1034 3357 1117 3439 quod
1143 3359 1269 3440 penitus
1299 3377 1357 3420 oc-

202 3445 349 3505 cumbere
377 3441 483 3503 debuit
506 3442 655 3503 insultarc
682 3461 745 3502 non
772 3441 904 3524 desinit,
933 3453 966 3506 et
987 3462 1038 3506 res
1060 3463 1140 3526 quae
1160 3452 1209 3506 tot
1229 3445 1357 3506 excissa

202 3527 339 3590 decretis
362 3543 507 3588 arescere
528 3527 644 3606 potuit,
668 3525 708 3587 ad
728 3528 833 3590 vicem
853 3529 988 3590 Lernaei
1005 3527 1060 3608 l³)
1090 3529 1220 3610 capitis,
1246 3539 1282 3590 ut
1307 3530 1357 3590 fc-

202 3622 272 3675 runt
293 3611 434 3693 fabulae,
456 3619 601 3673 truncata
620 3611 760 3674 virescit.
790 3613 943 3694 Denique,
967 3613 1131 3696 quod'ncn
1153 3615 1221 3676 sine
1242 3633 1356 3697 magno

203 3697 309 3761 dolore
338 3696 504 3760 dicendum
530 3703 598 3777 est,
624 3697 817 3775 reperiuntur
839 3699 1050 3778 quamplurimi
1071 3701 1200 3782 negotio
1222 3699 1357 3761 muneris

200 3783 327 3867 perituri
354 3782 485 3844 mercari
511 3781 596 3843 velle
625 3782 759 3863 gratiam
787 3783 914 3862 spiritus
940 3785 1058 3864 sancti,
1087 3785 1159 3846 dum
1180 3785 1244 3846 vile
1264 3803 1356 3866 prae-

201 3871 296 3930 mium
326 3867 458 3948 donant,
485 3875 521 3930 ut
547 3865 735 3949 pontificalis
756 3868 870 3929 ordinis
891 3870 1022 3931 sublime
1045 3869 1167 3932 culmen
1189 3871 1352 3950 accipiant,

200 3955 288 4016 obliti
314 3953 480 4015 verborum
501 3953 603 4033 Petri,
637 3970 718 4032 quae
735 3951 790 4031 l⁴)
822 3953 900 4014 dixit
930 3955 970 4017 ad
998 3955 1177 4017 Simonem:
1215 3954 1355 4017 Paconio

203 4045 261 4102 tua
282 4045 385 4102 tecum
406 4040 452 4099 sit
473 4039 509 4100 ia
522 4035 758 4118 perditionem,
781 4039 929 4120 quoniam
950 4039 1066 4102 donum
1087 4041 1141 4104 dei
1162 4039 1356 4116 eciatimosti

239 4291 267 4355 1)
284 4291 353 4350 citae
370 4286 469 4338 aseritis
487 4284 514 4336 in
531 4301 566 4336 m.
583 4285 621 4338 M.
657 4311 691 4326 -
728 4287 962 4356 ²)tuonr.aM.
996 4319 1031 4330 -
1068 4292 1355 4360 ³)Jot.40‚12.-

234 4361 266 4425 ⁴)
280 4374 332 4426 qao
350 4357 433 4422 acopis
450 4357 574 4406 temerator
597 4355 634 4406 M.
676 4383 711 4392 -
760 4359 789 4425 ὅ)
808 4366 921 4412 tmreoct
944 4359 982 4412 M.
1009 4390 1057 4403 «-
1100 4363 1130 4430 ⁶)
1148 4372 1173 4414 et
1190 4365 1228 4414 M.
1263 4391 1299 4400 -

238 4427 376 4495 t)Isidor.
395 4426 439 4476 lib.
458 4428 483 4476 2.
506 4442 565 4493 cap.
582 4427 625 4478 31.
652 4431 717 4478 sent.
736 4425 771 4478 10
788 4433 815 4480 et
831 4431 874 4482 22.
913 4459 949 4470 ·-
996 4430 1025 4496 ⁸)
1043 4432 1287 4496 quorlnrolectM.
1321 4461 1354 4472 -

237 4503 267 4562 θ)
285 4499 366 4562 socias
383 4495 420 4546 M.
445 4523 480 4533 —-
509 4500 559 4562 ¹⁰)
577 4497 637 4564 quic
655 4503 728 4561 oqrtct
744 4496 780 4550 M.
807 4527 843 4538 -
871 4500 920 4566 11)
938 4516 956 4550 o
978 4499 1080 4558 otram
1096 4501 1136 4553 M.
1155 4502 1318 4566 -Rormll,
1329 4504 1352 4552 3.

220 4569 268 4634 1²)
286 4566 384 4616 arrisio
403 4581 438 4616 m.
456 4566 492 4619 M.
528 4593 563 4604 -
609 4569 658 4634 1³)
675 4566 769 4632 lyricae
785 4567 829 4632 A,
846 4568 970 4622 etium.
987 4569 1025 4621 M.
1066 4598 1101 4610 —·
1142 4571 1250 4640 1⁴)qai
1266 4572 1354 4624 M.—

271 4639 359 4688 Actor.
377 4636 408 4700 8,
427 4635 469 4687 20.
505 4667 540 4678 -
