2922 5048
35 190 40 309 )
394 227 937 300 σοσοιεισιιεευιοοιισσυα.
1201 235 1245 305 ει

32 367 37 526 )
92 417 209 504 τοισιν,
230 396 337 465 ελοιτο
358 395 483 504 αὐτόν]
513 399 644 470 τελείου
664 399 701 506 δὲ
720 401 851 489 ἐκείνην
873 403 960 472 είναι
982 398 1200 496 σόνοδον,,η)
1211 405 1243 492 ¹)

33 551 34 566 ¹
91 507 301 572 ουμπαρεστι
322 486 379 554 καί
399 511 417 554 ο
439 509 501 573 της
518 489 762 576 μητροπολεοις
776 488 820 572 ²).

32 577 33 592 Ν
602 619 716 686 xvn.

167 701 221 769 Εἴ
237 725 288 778 τις
309 704 489 782 ἐπίσκοπος
509 705 725 795 χειροθεσίαν
744 697 929 774 ἐπισκόπου
951 701 1066 794 λοβόν
1088 705 1145 776 καί
1165 701 1239 792 σ’ρι-

91 785 184 862 οθελς
205 785 409 873 προεστάναι
428 791 512 860 λαοῦ
534 787 585 876 μή
605 789 813 866 καταδέξοιτο
835 787 899 882 τήν
918 793 1128 879 λειτουργίαν
1148 791 1238 878 μηδὲ

30 955 31 966 χ
89 873 241 942 πείοθιτο
264 869 396 942 α’πιέναι
417 879 465 950 είς
485 870 549 962 τήν
567 881 831 966 ἐγχειρισθεῑσαν
845 872 938 966 ου’τηῖ
951 877 1134 963 ἐκκλησιάν,
1154 878 1236 945 τοκί-
1294 911 1299 922 ·

30 981 31 1014 1
89 979 145 1025 τον
172 957 267 1046 εἶναι
282 954 530 1048 άκοινοίνητον,
561 957 629 1029 ἐστ’
649 959 694 1027 οίν
721 957 951 1051 ἀναγκασθείς
979 961 1187 1038 καταδίξσιτσ
1204 966 1235 1047 ³)

29 1079 30 1102 ι
88 1039 115 1150 ι)
129 1037 236 1198 δρίέοοι
257 1069 293 1150 τη
310 1047 387 1132 περ)
408 1043 516 1116 αάτοδ
538 1041 560 1134 η’
579 1047 688 1114 τελεία
705 1039 848 1126 ου’νοδος
863 1048 930 1117 τιίν
951 1044 1034 1122 κατά
1049 1041 1115 1138 τήν
1130 1051 1236 1136 ἐπαρ-Ι

85 1149 157 1215 χιαν
194 1154 381 1201 πισιιοπυιν.

166 1326 220 1392 Εἴ
229 1347 278 1400 τις
291 1325 470 1404 ἐπίσκοπος
484 1327 516 1410 ⁴)
536 1324 788 1412 χειροτονηθείς
807 1329 854 1402 είς
873 1325 1052 1412 παρσιιιίαν
1063 1321 1114 1412 μή
1129 1321 1234 1394 άπέλ-
1331 1393 1335 1400 ,

85 1419 132 1500 θη
153 1415 202 1486 εἷς
221 1409 265 1496 ήν
289 1407 526 1500 ἐχειροτονήθη
540 1417 591 1490 ⁵),
621 1407 664 1476 ου’
672 1406 772 1496 ’παρά
792 1407 856 1514 τήν
872 1411 998 1480 ἑαυτοῦ
1015 1411 1139 1489 αἰτίαν,
1162 1407 1234 1478 ἄλλ’
1328 1469 1335 1477 ,

84 1491 155 1581 ήτοι
178 1489 231 1562 διά
252 1489 315 1581 τήν
335 1499 397 1564 τοῦ
416 1497 501 1566 λαοῦ
522 1496 725 1581 παραίτησιν
747 1493 771 1582 ή
790 1495 822 1562 δι
846 1498 962 1582 ἑτέραν
981 1495 1094 1562 αἰτίαν
1116 1490 1178 1564 οὐκ
1201 1499 1233 1574 ἐξ

83 1579 188 1648 αὐτοῦ
207 1583 408 1668 γενομένην,
430 1581 554 1650 τσήτον
568 1581 719 1668 μετέχειν
740 1580 801 1666 τής
821 1584 923 1668 τιμής
943 1582 999 1648 καί
1014 1581 1237 1668 τήςλειτουρ·

82 1667 176 1754 χίας,
197 1660 312 1750 μόνον
331 1667 442 1753 μηδὲν
461 1667 733 1754 παρενοχλούντα
754 1679 824 1741 τοῖς
845 1665 1020 1768 πράγμασι
1039 1665 1099 1751 τής
1119 1667 1233 1750 ἐκκλη-

84 1753 168 1830 σιάς,
189 1757 280 1820 ἔνθα
302 1751 345 1819 σίν
368 1745 568 1842 συνάχοιτο,
589 1753 782 1842 ἐκδέχεσθαι
803 1752 839 1818 δὲ
859 1766 1002 1831 τουτον,
1024 1751 1044 1816 δ
1064 1748 1109 1820 σίν
1129 1747 1153 1836 ή
1173 1752 1234 1840 τής

82 1838 241 1928 ἐπαρχίας
261 1838 371 1908 τελεία
394 1832 535 1914 σάνοδος
559 1838 699 1925 κρίνασα
720 1832 761 1904 τό
781 1830 1036 1924 παριστάμενον
1056 1831 1166 1929 όρίση.

164 2053 373 2152 Ἐιιίσιιοπιον
394 2055 445 2146 μή
465 2070 730 2149 χειροτονεῖσθαι
752 2060 825 2148 δίχα
849 2050 997 2148 συνόδου
1025 2056 1081 2126 καί
1101 2077 1234 2143 παρου-

82 2147 157 2222 σίας
178 2145 241 2212 τοῦ
260 2150 298 2232 ἐν
318 2147 360 2236 τή
382 2141 588 2231 μητροπόλει
608 2147 668 2229 τής
688 2149 864 2236 ἐπαρχίας·
891 2139 1016 2212 τούτου
1043 2141 1080 2211 δέ
1100 2135 1233 2232 παρόν·-

23 2297 24 2302 ,
78 2255 137 2305 τος
158 2223 340 2304 ἐξάπαντος
361 2232 495 2314 βέλτιον
516 2237 583 2316 μὲν
606 2247 756 2301 συνεῖναι
777 2229 869 2300 ου’τῶ
888 2222 1020 2305 πάντας
1037 2221 1118 2303 τοδε
1138 2235 1174 2298 ἐν
1188 2225 1233 2318 τή

77 2313 221 2397 ἐπαρχία
250 2311 544 2400 ουλλειτουργσείς,
576 2317 632 2384 καλ
657 2312 814 2403 προςήκει
839 2297 880 2382 δι’
901 2315 1076 2400 ἐπιστολῆς
1103 2309 1168 2383 τόν
1193 2317 1231 2382 ἐν

75 2400 122 2488 τῇ
145 2390 367 2482 ’μητροπόλει
382 2399 575 2483 συγκαλεῖν·
605 2401 661 2466 καί
687 2407 717 2468 εἰ
738 2407 804 2486 μὲν
826 2397 1011 2468 άπαυτοῑεν
1039 2405 1070 2465 οἱ
1090 2394 1231 2480 πάντες,

76 2483 235 2569 βέλτιον·
259 2483 289 2547 εἰ
309 2482 345 2547 δὲ
367 2481 521 2588 δυσχερὲς
544 2486 593 2565 εἴη
613 2483 727 2562 τοῦτο,
747 2479 827 2557 τοάς
847 2499 884 2568 γε
899 2484 1035 2556 πλείους
1049 2477 1233 2558 ἐξάπαντσς

78 2581 240 2652 παρεῖναι
271 2564 369 2650 δεῖή
398 2566 451 2632 δια
483 2562 695 2654 γραμμάτων
725 2559 931 2652 ὁμοψήφους
957 2567 1139 2656 γενέσθαι,
1175 2568 1232 2634 καί

79 2649 170 2722 οὕτω
189 2645 278 2736 μετά
300 2651 362 2736 τῆς
382 2651 450 2717 τόν
471 2646 635 2718 πλειόνων
656 2645 730 2735 ήτσι
744 2659 774 2734 ⁰)
796 2649 984 2736 παρουσίας
1004 2646 1027 2753 ή
1046 2641 1165 2734 ψήφου
1180 2650 1233 2740 γί-

79 2745 209 2807 νεοθαι
235 2733 300 2821 τήν
320 2732 540 2806 κατάστασιν·
572 2741 602 2803 εἰ
623 2735 659 2805 δὲ
679 2732 786 2813 σίλλοις
812 2732 905 2819 παρά
931 2727 974 2800 τά
993 2733 1161 2819 σιρισμένα
1181 2733 1233 2822 γί-

82 2839 208 2912 γνοιτο,
223 2821 336 2906 μηδὲν
349 2817 474 2910 ι’σχδειν
489 2816 552 2903 τήν
563 2823 789 2910 χειροτονίαν,
812 2826 842 2888 εἰ
858 2823 894 2889 δὲ
911 2813 996 2888 κατά
1011 2812 1074 2886 τόν
1089 2813 1234 2906 οίριομέ-
1278 2875 1282 2888 .

80 2932 145 2976 νον
162 2899 301 2974 κανόνα
329 2909 478 2994 γίγνοιτο
498 2931 521 2993 η
546 2905 766 2988 κατάστασις,
796 2904 1000 2996 άντιλέγοιεν
1021 2903 1061 2971 δέ
1078 2929 1167 2982 τινες
1191 2898 1232 2972 δι’
1297 2973 1302 2980 ,

85 2995 211 3063 οἰκείαν
235 2993 457 3085 φιλονεικίαν,
473 3007 608 3082 κρατεῖν
629 2988 694 3084 τήν
714 2995 783 3070 τοῖν
802 2985 964 3064 πλειόνων
985 2992 1115 3078 ψήφου.

167 3212 228 3294 Διό
248 3211 311 3292 τάς
332 3212 600 3302 ἐκκλησιαστικοίς
624 3219 734 3304 χρείας
754 3217 808 3284 καλ
831 3213 891 3290 τοῖς
904 3213 971 3282 τείν
992 3207 1233 3316 α’μφιοβητου*

84 3303 198 3386 μένσν
227 3293 389 3377 διαλύσεις
419 3301 525 3378 καλῶς
551 3308 637 3391 ἔχειν
664 3302 753 3378 ἔδοξε
782 3292 948 3376 συνόδους
981 3307 1051 3368 καθ
1089 3295 1230 3384 ἑκάστην

85 3385 244 3474 ἐπαρχίαν
264 3389 332 3454 τόν
354 3381 545 3457 ἐπισκόπων
567 3387 724 3473 γίνεσθαι
744 3379 902 3471 δεύτερον
923 3385 985 3453 τοῦ
1007 3389 1123 3462 ἔτους·
1143 3380 1232 3460 ἅπαξ
1327 3385 1332 3394 “

84 3477 149 3564 μὲν
171 3495 260 3555 μετα
280 3494 345 3556 την
366 3493 485 3576 τριτην
506 3471 679 3557 εβδσμαδα
699 3471 760 3556 τής
782 3471 900 3556 ἐσρτής
919 3471 983 3538 τοῦ
1004 3465 1127 3557 πάσχα,
1148 3465 1233 3536 ὥστε

83 3559 124 3648 τῇ
153 3548 295 3648 τετάρτη
324 3557 489 3641 ἐβδομαδι
505 3563 536 3640 λ)
568 3558 629 3641 τής
660 3557 885 3641 πεντηκοστῆς
916 3555 1141 3626 ἐπιτελεῖσθαι
1166 3547 1232 3638 τήν

86 3637 250 3720 σύνοδον,
277 3637 597 3727 ὑπομιμνήσκοντος
618 3639 699 3726 τσδς
724 3635 928 3730 ἐπαρχιοίτας
956 3639 1016 3706 τοῦ
1042 3645 1079 3708 ἐν
1100 3637 1143 3725 τῇ
1165 3661 1234 3724 μη-

84 3721 255 3812 τροπόλει·
289 3721 417 3810 τήν,δέ
446 3728 606 3810 δευτέραν
635 3721 780 3794 σάνοδου
806 3726 963 3813 γίνεσθαι
980 3718 1084 3800 Ἴδσις
1103 3719 1234 3800 Ὀιιτσ-
1331 3795 1334 3799 ,

83 3815 194 3900 βρίαις
207 3811 251 3896 ⁸),
267 3807 340 3895 ήτις
360 3812 431 3880 ἐστί
452 3805 573 3896 δεκάτη
586 3811 616 3896 ⁹)
635 3807 932 3897 Ὑπερβερεταίου·
955 3803 1039 3878 ὥστε
1055 3815 1093 3876 ἐν
1114 3804 1259 3884 αὐτοῖς·

84 3893 224 3972 ταύταις
243 3912 317 3974 ταῖς
339 3889 495 3974 συνόδοις
514 3896 683 3985 προςιέναι
701 3897 951 3982 πρεσβυτέρους
979 3895 1036 3964 καλ
1057 3887 1235 3968 διακόνους

84 3984 139 4051 καί
167 3976 303 4058 πάντας
329 3977 411 4060 τοδς
432 3977 617 4068 ήδικήοθαι
636 3983 839 4070 νομίζοντας
867 3983 922 4050 καί
951 3975 1044 4065 παρά
1071 3979 1131 4064 τής
1153 4003 1234 4052 συν,ά

82 4068 165 4138 ὁδου
196 4068 386 4157 ἐπικρίσεως
413 4061 611 4164 τυγχάνειν,
645 4064 698 4160 μή
726 4073 845 4148 ἐξεῖναι
874 4067 910 4138 δέ
929 4090 1022 4149 τινας
1047 4059 1128 4134 καθ’·
1154 4071 1235 4134 ἐαυ-

84 4228 283 4250 Μ
346 4243 353 4252 -

57 4344 62 4348 ·
121 4322 149 4392 ¹)
168 4317 331 4388 ιλςήνδσεί.
356 4349 391 4364 ι-
426 4315 781 4392 1)ὅμηιροιισλίιης’Βετ.
809 4353 843 4363 -
880 4324 909 4390 ³)
927 4317 1099 4400 κσχοδίεητοι
1116 4315 1144 4368 in
1154 4329 1236 4380 marg.

153 4393 221 4444 Just.
255 4419 291 4432 -
324 4391 515 4458 ‘Numanae
532 4394 625 4444 εΒοιέ
643 4397 702 4462 post
712 4407 803 4446 vocem
822 4395 1008 4472 εχειροτοηηθη
1027 4389 1178 4440 colluatur.
1201 4409 1236 4425 -

119 4461 149 4530 ⁸)
164 4455 341 4544 χιιροτονήθη
360 4459 558 4532 [χιιροτοεηθῇ]
575 4461 604 4540 it)
622 4465 719 4544 λοχία,
736 4464 924 4547 δγιιρστοεηθη
941 4475 970 4511 m
987 4471 1067 4522 marg.
1085 4457 1149 4507 Just
1185 4479 1220 4494 -·

118 4530 787 4673 ἶλλῖίίιίλλιίελῗζεεῖόέίλιῖἑῖἐλὲίῗ
806 4524 1240 4664 ’ἶῗ””ί)“ιῖλλλλ.λλξ·ιιὲῖ.
