2916 5050
190 215 253 280 rra
355 175 357 180 ’
452 211 670 288 cortorulum
692 209 1030 288 craruaoutuusu
1051 212 1075 276 r.

154 533 159 543 ,
277 469 456 552 Antigonus
477 468 647 550 episcopus
670 463 935 546 Madaurensis1)
957 463 1055 530 dixit:
1081 463 1231 532 ‚Grauem
1259 467 1343 550 inju-

193 555 268 618 riam
294 557 408 638 patior,
437 563 470 618 et
497 553 591 616 credo
619 553 723 616 dolere
744 555 942 618 sanctitatem
961 560 1102 616 vestram
1123 555 1343 620 contumeliam

193 658 309 722 meatu,
331 649 364 702 et
389 647 569 720 computare
589 657 783 702 communem
803 636 995 720 injuriam2).
1032 635 1344 720 ·0ptantius³)<cum

193 745 231 790 so
250 733 498 806 repraesentaret
518 732 644 806 paotrun
668 744 792 788 mecum
819 724 944 805 habuit,
971 731 1004 785 et
1024 721 1187 802 divisimus
1214 727 1344 808 plebes;

192 811 472 892 manuscriptiones
486 810 521 890 ⁴)
556 817 682 872 nostrae
708 818 860 874 tenentur,
881 816 914 870 et
941 809 1079 890 pittacia.
1131 810 1249 874 Contra
1279 811 1344 896 hoo

193 903 320 978 pactum
340 897 449 958 circuit
467 895 576 976 plebes
597 895 672 956 milri
692 897 857 959 attributas
885 902 918 956 ot
943 903 1074 976 usurpat
1098 897 1230 978 populos
1245 894 1278 975 ⁵)
1301 903 1343 976 ut

195 983 279 1044 illum
299 989 436 1062 patrem
464 999 515 1042 me
537 982 680 1042 vitricum
701 983 867 1044 nominent.
909 973 1028 1042 Gratus
1054 981 1343 1062 episcopusdixit:

193 1064 328 1130 llactum
346 1067 409 1129 hoc
429 1064 594 1128 dolendum
614 1073 678 1147 est,
699 1067 786 1128 utin
808 1085 845 1128 se
866 1065 973 1128 illiciat
984 1064 1019 1144 ⁶)
1038 1067 1220 1148 populomm
1240 1067 1344 1146 impe-
1455 1139 1457 1146 Α

191 1153 321 1230 ¹ritorunr
344 1153 462 1214 animas
476 1149 510 1230 ⁷)
538 1158 645 1213 contra
666 1147 874 1232 disciplinam,
903 1159 1012 1214 contra
1038 1151 1256 1234 evangelicam
1276 1157 1344 1213 tra&

196 1235 357 1319 ditionem,
379 1244 486 1300 contra
502 1235 592 1316 pacis
613 1236 745 1317 placita3
766 1255 838 1298 nom
861 1235 891 1298 si
911 1236 971 1298 sibi
991 1233 1023 1298 id
1041 1255 1139 1318 posse
1160 1237 1344 1320 contingere

196 1321 410 1402 arbitraretur,
443 1337 599 1402 nunquam
626 1321 766 1402 profecto
793 1320 826 1384 iu
850 1319 975 1384 fratrem
1001 1319 1113 1404 aliquis
1139 1321 1344 1402 deliquisset:

193 1406 279 1470 -rmde
300 1415 356 1470 aut
373 1407 449 1470 inita
468 1413 564 1488 pacta
583 1423 673 1468 suam
695 1407 855 1470 obtineant
873 1405 1067 1488 firmitatem,
1094 1413 1150 1470 aut
1167 1415 1345 1484 conventus

196 1491 228 1576 si
246 1509 367 1555 senon
386 1491 557 1554 cohibuerit
578 1491 826 1556 ecclesiasticam
846 1493 963 1554 sentiat
973 1489 1007 1570 ⁸)
1029 1491 1230 1574 disciplinam.
1262 1491 1343 1556 Uni-

186 1577 283 1644 -versi
302 1577 462 1641 dixerunt:
491 1575 560 1640 Pax
581 1585 740 1658 servetur,
768 1584 863 1658 pacta
884 1575 1104 1640 custodiantur.

280 1779 497 1861 Abundantius
517 1782 686 1864 episcopus
704 1780 927 1843 Adrumetinus
947 1780 1044 1843 dixit:
1081 1782 1116 1842 ln
1137 1788 1243 1843 nostro
1264 1797 1344 1844 con·

198 1867 271 1932 cilio
291 1865 443 1930 statutum
464 1874 524 1949 est,
545 1875 661 1928 utnon
682 1865 776 1928 liceat
793 1865 916 1928 clericis
936 1865 1103 1930 foenerari:
1119 1865 1208 1948 ‘quod
1222 1867 1251 1928 si
1266 1867 1344 1946 et⁰)

199 1953 360 2016 sanctitati
380 1954 455 2013 tube
475 1960 510 2013 et
529 1951 603 2013 huic
623 1952 755 2014 concilio
774 1951 935 2032 videatur,
960 1952 1120 2032 praesenti
1145 1952 1260 2032 placito
1284 1951 1344 2014 de-

138 2083 140 2088 ·
198 2039 350 2120 signetur.
384 2035 512 2100 Gratus
536 2037 704 2116 episcopus
730 2036 825 2098 dixit:
858 2037 1014 2098 Novellae
1038 2037 1264 2119 suggestiones
1279 2035 1345 2118 ¹vi),

201 2141 284 2204 quac
298 2122 356 2182 uel
376 2123 528 2184 obscurae
549 2129 623 2183 sunt
639 2122 693 2182 vel
714 2123 773 2184 sub
794 2139 912 2204 genere
932 2123 1041 2204 latent,
1060 2124 1223 2202 inspectae
1243 2141 1263 2184 a
1282 2141 1345 2184 no·

197 2207 251 2269 bis
277 2207 405 2269 formam
429 2207 593 2288 accipient.
635 2206 784 2269 Ceterum
810 2207 851 2268 de
879 2207 992 2288 quibus
1015 2209 1211 2288 apertissime
1238 2207 1344 2269 divina
1456 2199 1457 2274 ἶ

200 2292 354 2372 scriptura
380 2293 486 2354 sanxit
511 2310 574 2357 non
599 2290 840 2371 differenda11)
872 2293 1029 2354 sententia
1054 2301 1123 2373 est,
1155 2293 1213 2356 sed
1238 2293 1345 2372 potius

203 2377 410 2460 exequenda3
439 2377 567 2458 proinde
587 2375 671 2458 quod
691 2379 723 2439 in
743 2375 1166 2460 laicis'reprehenditur1²)‚
1196 2376 1228 2440 id
1247 2378 1343 2438 multo

201 2463 304 2546 magis
324 2463 357 2524 in
370 2461 492 2526 clericis
513 2470 635 2544 oportet
655 2462 876 2544 praedamnari.
904 2465 1049 2527 Universi
1063 2463 1220 2528 dixerunt:
1240 2464 1344 2526 Nemo

198 2557 309 2613 contm
328 2548 515 2630 prophetas,
534 2567 627 2612 nemo
648 2556 758 2612 contra
778 2549 945 2632 evangelia
963 2550 1039 2614 lacit
1058 2550 1127 2613 sinc
1145 2549 1291 2631 periculo.

285 2749 404 2816 Gratus
436 2751 605 2832 episcopus
635 2749 733 2814 dixit:
772 2753 873 2814 Juxta
900 2759 1021 2814 statuta
1049 2753 1182 2816 concilii
1195 2761 1227 2816 et
1251 2769 1342 2814 meae

128 2873 132 2884 ·
199 2837 421 2900 mediocritatis
448 2838 637 2898 sententiam
664 2838 771 2916 placet
795 2837 900 2900 facere
925 2857 1025 2900 rerum
1052 2841 1187 2901 omnium
1213 2838 1343 2900 conclu-

200 2923 339 2985 sionem:
372 2921 510 2984 universi
538 2921 618 2984 tituli
646 2921 804 3006 designati
825 2931 859 2984 et
883 2921 1000 3006 digesti
1015 2931 1151 2987 teneant
1171 2911 1344 2987 sententias

139 3079 141 3086 ¹
200 3025 286 3070 suas.
313 3007 399 3072 Sane
416 3005 581 3068 credovos
592 3006 798 3090 retinere¹³)‚
813 3009 1072 3072 multisconciliis
1090 3031 1110 3072 a
1125 3012 1264 3092 patribus
1283 3027 1344 3070 no-

199 3095 274 3154 stris
295 3101 329 3154 et
349 3092 544 3156 traditionem
569 3093 761 3160 temerariam
781 3112 857 3155 esse
877 3093 1054 3158 damnatam
1069 3093 1123 3174 ¹⁴)
1152 3105 1187 3158 et
1207 3094 1353 3176 rebapti-.

199 3178 334 3249 nationis
364 3177 554 3258 impietatem
584 3195 659 3238 esse
690 3177 892 3260 puniendam,
924 3199 1004 3262 quas
1033 3198 1085 3242 res
1115 3181 1209 3242 etiam
1239 3187 1344 3242 nostro

200 3263 332 3327 concilio
359 3263 452 3326 oredo
473 3261 539 3344 jam
565 3264 726 3326 terminum
753 3265 928 3344 accepisse.
979 3263 1114 3347 Reliqua
1137 3256 1233 3346 uero,
1263 3265 1346 3346 quae'

200 3347 254 3409 vel
273 3348 358 3411 iacta
378 3350 430 3411 vel
450 3348 535 3410 dicta
554 3349 698 3428 superius
717 3349 943 3430 comprehensa
961 3359 1036 3414 sunt
1053 3349 1106 3414 vel
1121 3351 1189 3414 aliis
1205 3351 1345 3420 conciliis

201 3434 397 3520 conscripta,
429 3452 511 3518 quac
528 3431 582 3512 ¹⁵)
615 3433 787 3496 secundum
815 3435 920 3518 legem
947 3432 1157 3517 inveniuntur,
1187 3435 1344 3499 custodire

161 3587 167 3597 ⁸
201 3535 261 3582 nos
282 3524 412 3596 oportet.
454 3517 492 3579 Si
511 3517 582 3598 quis
601 3537 678 3580 vero
699 3527 819 3582 statuta
838 3539 1064 3604 supergressus
1084 3519 1345 3602 corruperit,''vel

191 3602 371 3684 pronihilo
391 3599 534 3678 habenda
553 3605 719 3686 putaverit,
743 3605 773 3666 si
792 3605 892 3668 laicus
913 3615 964 3668 est
983 3607 1206 3688 communione,
1227 3606 1255 3667 si
1276 3605 1345 3667 ole-

200 3689 284 3751 ricus
303 3695 355 3750 est
379 3687 495 3750 honore
521 3687 667 3769 privetur.
706 3689 854 3757 Universi
879 3689 1043 3755 dixerunt:
1075 3691 1204 3772 Placet,
1230 3689 1344 3770 placat.

124 3800 126 3806 ¹
200 3769 320 3838 Gratus
349 3775 518 3855 episcopus
548 3773 653 3836 dixit:
688 3773 844 3854 Superest
870 3774 957 3858 jam,
989 3784 1026 3838 ut
1063 3777 1179 3858 placita
1208 3776 1344 3836 omnium

199 3867 391 3937 nostrorum,
418 3877 500 3940 quac
526 3858 567 3923 ad
595 3877 785 3924 consensum
810 3867 949 3924 vestrum
976 3869 1051 3926 sunt
1074 3863 1204 3944 scripta,
1236 3865 1346 3922 vestra

237 4089 266 4157 ¹)
287 4089 449 4154 drogiacum
465 4089 495 4142 (3.
514 4085 589 4160 Hisp.
613 4093 731 4161 (praeter
746 4089 791 4145 AE.
809 4090 868 4144 Bu.
886 4091 919 4146 Τ.
931 4093 972 4148 1.:
1000 4087 1171 4160 Mopiroosis,
1195 4095 1241 4146 U.:
1264 4093 1345 4144 Mor-

265 4159 381 4226 9leora's).
404 4189 440 4199 -
474 4159 504 4226 2)
523 4169 548 4212 ot
564 4179 643 4228 oonrp.
662 4179 750 4214 conam.
767 4159 812 4229 to).
832 4163 927 4216 desunt
945 4163 972 4216 in
992 4163 1057 4216 Cod.
1074 4163 1106 4216 Α.
1130 4195 1165 4205 -
1207 4164 1236 4230 ³)
1260 4162 1344 4248 Opto-
1388 4161 1395 4174 '

266 4227 353 4280 tirrano
369 4229 398 4281 in
415 4243 497 4293 marg.
514 4229 609 4284 Marsi.
638 4259 673 4270 -
709 4230 739 4299 ⁴)
757 4247 848 4282 orooar
865 4233 895 4284 C.
914 4233 990 4304 Hisp.
1008 4239 1035 4288 et
1051 4233 1078 4286 in
1096 4249 1179 4300 marg.
1197 4233 1291 4288 Mansa.
1309 4261 1344 4272 -
1454 4235 1455 4304 ᾗ

206 4297 262 4364 ’8)
278 4305 396 4356 armorui
412 4299 514 4366 populis
530 4297 593 4352 ibid.
617 4331 652 4340 -
688 4295 717 4366 θ)
734 4301 845 4352 illiciant
863 4299 893 4354 C.
910 4303 945 4356 Η.
970 4311 1004 4346 ’-
1029 4303 1068 4372 ἰ)
1087 4307 1185 4356 artiores
1202 4301 1233 4354 C.
1251 4303 1286 4356 Η.
1309 4331 1344 4341 -
1398 4343 1402 4350 .

104 4417 108 4428 ,
232 4367 261 4435 ⁸)
279 4369 370 4422 sentiet
383 4366 419 4418 .c.
437 4367 471 4418 H.
506 4396 541 4406 -·
593 4369 623 4437 ⁰)
640 4368 795 4438 guidottum
812 4370 843 4422 C.
860 4369 897 4423 fl.
933 4402 967 4414 --
1009 4373 1058 4444 ¹⁰)
1075 4374 1184 4429 Nouello
1199 4373 1342 4440 supposito:

118 4459 130 4476 ·
236 4463 240 4470 ·
265 4453 330 4503 quoe
345 4425 510 4489 oet'obooora
527 4444 587 4488 urat
605 4475 612 4490 .
627 4475 654 4492 ..
672 4439 785 4508 impacto
803 4433 834 4492 C.
852 4438 928 4514 Hisp.
953 4475 987 4485 -
1028 4441 1077 4516 Η)
1093 4445 1200 4512 ferendo
1219 4443 1249 4494 C.
1268 4441 1343 4494 His.

227 4505 277 4570 ¹²)
294 4505 487 4575 deprelroadilor
505 4503 535 4556 C.
554 4505 629 4576 Hisp.
664 4506 712 4566 -—',
740 4511 789 4578 ¹⁸)
808 4519 893 4564 terrere
911 4512 941 4565 C.
959 4501 1036 4582 Hisp.
1069 4517 1105 4550 '—
1145 4511 1195 4578 14)
1218 4519 1244 4563 ol
1262 4520 1286 4564 tr
1320 4513 1343 4562 i·

262 4578 332 4642 tione
349 4590 403 4626 osse
420 4573 565 4636 dramatum
585 4575 614 4627 Ο.
634 4575 708 4645 Hisp.
728 4607 779 4658 N-
821 4581 869 4646 Ι5)
887 4597 951 4648 quoe
969 4602 1019 4636 orn.
1040 4599 1054 4634 a
1074 4578 1103 4632 C.
1122 4573 1196 4648 llisp.
1233 4608 1267 4620 ..
