2912 5060
343 264 586 344 corastinum
607 265 878 336 'l'Oldl'l'ANUbl
894 265 980 338 Villa
1176 267 1246 346 Β),

13 557 19 586 i
171 522 322 586 Decimae
336 523 553 586 collocutionis
574 541 708 588 assensu
728 522 872 588 molestis
892 522 1026 603 actibus,
1042 540 1123 603 quos
1136 539 1241 605 sagax

13 633 19 672 ‘r
87 606 248 692 indagatio
267 610 380 689 pietati
399 611 526 672 obviare
547 609 686 690 detexit,
706 617 740 672 et
759 628 822 672 nou
833 607 865 688 1)
886 609 969 670 bene
988 609 1119 689 regendi
1138 607 1241 670 licen-

13 721 19 760 ι
88 696 171 774 tiae,
199 713 291 776 quam
311 713 349 756 se
369 694 577 758 mansuetudo
598 696 802 777 impugnasse
821 694 981 776 probavit,
1011 694 1091 756 satis
1111 701 1146 756 ut
1168 694 1240 774 opi-

13 807 18 846 ι
89 799 198 842 narnur
218 788 251 843 et
269 781 344 863 lege
363 781 494 863 gloriosi
513 780 662 861 principis
682 789 717 842 et
738 779 866 842 decreto
887 787 1019 842 sauctae
1044 779 1157 860 synodi
1176 779 1240 840 lru-

13 893 16 932 ι
84 863 138 946 jus
159 865 385 931 contradictum
410 885 485 928 esse
512 866 744 946 conspenirmts.
785 867 835 928 lta
856 866 939 929 enirn
959 873 1090 934 sanetus
1111 865 1241 944 spiritus

12 979 15 1020 ι
87 970 143 1030 per
170 959 321 1032 utrasque
350 951 548 1014 definitiones
575 951 749 1014 mortalium
778 949 873 1014 corda
900 949 1059 1030 perflavit,
1089 958 1125 1010 ut
1151 950 1242 1012 vitali

87 1036 167 1097 ilatu
180 1037 345 1098 verborum
364 1038 397 1098 in
418 1045 578 1117 posterum
599 1056 721 1100 omnam
742 1044 888 1101 exureret
905 1036 988 1098 male
1008 1035 1239 1116 concupiscen-

12 1153 15 1186 ε
88 1121 169 1187 tium
193 1123 310 1184 rabiem
337 1125 514 1186 animorum.
566 1121 683 1184 Actum
708 1140 842 1202 namque
868 1130 921 1192 est
948 1121 980 1182 in
1007 1118 1242 1196 delinitionibus,

12 1237 13 1274 r
89 1207 184 1286 ipsis,
212 1215 247 1268 ut
268 1207 341 1288 quia
361 1209 489 1287 pietatis
509 1205 634 1270 divinae
655 1207 975 1287 incompreheusibilis
995 1213 1030 1268 et
1050 1205 1159 1288 ignota
1177 1225 1240 1268 na·

11 1333 13 1346 r
90 1300 159 1354 tura
180 1311 255 1354 sese
277 1291 446 1360 conditioni
465 1293 640 1356 mortalium
660 1294 691 1354 iu
711 1291 871 1370 unione²l
897 1309 1051 1372 personae
1079 1289 1242 1371 conjunxit

88 1378 239 1458 mysterio
259 1378 481 1458 redemptionis
501 1378 672 1460 humanae,
699 1397 758 1440 nos
778 1395 902 1459 quoque
923 1397 943 1440 a
963 1377 1108 1438 membris
1120 1375 1154 1454 3)
1181 1395 1243 1440 ca·-

88 1464 162 1542 pitis
184 1462 277 1542 hujus
297 1473 331 1526 ct
350 1463 499 1544 perfidiae
520 1465 634 1526 malum
656 1471 690 1526 et
710 1464 1015 1545 concupiscentiam,
1043 1481 1123 1543 quae
1142 1462 1240 1524 rudia

88 1546 242 1610 malorum
264 1556 313 1610 eet
335 1546 536 1629 cernimffl),
565 1558 600 1612 et
619 1551 797 1630 avaritiam,
825 1567 906 1630 quae
926 1547 1081 1610 invenitur
1100 1549 1239 1608 servitiu

90 1633 245 1697 idolorum
255 1632 303 1712 ⁵),
330 1636 397 1714 pari
415 1636 511 1698 simul
527 1636 601 1718 igne
623 1653 663 1698 ao
682 1653 830 1698 mucrone
851 1641 982 1714 totoque
1002 1631 1132 1696 artifieio
1153 1631 1240 1696 radi-

92 1718 175 1782 citus
204 1719 376 1782 evellamus
405 1738 444 1782 ac
471 1721 668 1782 desecemus.
718 1721 842 1782 Abhinc
870 1739 946 1801 crgo
967 1725 1001 1780 et
1021 1717 1172 1797 deinceps
1193 1717 1239 1780 ita

91 1810 181 1868 erunt
209 1804 241 1864 in
269 1805 359 1885 regni
385 1805 515 1886 gloriam
544 1805 745 1885 praeficiendi
774 1813 929 1886 rectores,
957 1812 993 1866 ut
1019 1811 1074 1866 aut
1102 1804 1134 1864 in
1162 1804 1239 1864 urbe

89 1889 179 1970 regia
204 1896 259 1950 aut
284 1890 316 1949 in
343 1890 413 1952 loco
440 1892 493 1952 ubi
513 1893 660 1972 princeps
681 1891 855 1954 decesserit
875 1909 947 1952 cum
967 1888 1148 1970 pontificum
1167 1906 1239 1950 ma-

83 1971 249 2054 jorumque
269 1974 378 2054 palatii
399 1975 573 2040 omnimodo
593 1979 749 2060 eligantur
770 1995 914 2058 assensu,
935 1995 998 2037 non
1017 1975 1192 2054 forinsecus
1204 1971 1240 2052 ο)

90 2066 144 2122 aut
168 2061 403 2141 conspiratione
432 2081 601 2142 paucorum
632 2072 687 2128 aut
714 2064 897 2126 rusticarum
924 2061 1059 2140 plebium
1087 2059 1242 2125 mditioso

88 2146 243 2228 tumultu3
273 2154 364 2208 erunt
391 2148 567 2210 catholicae
594 2148 668 2210 fidei
697 2157 873 2218 assertores
899 2166 1032 2226 eamque
1053 2153 1087 2208 et
1108 2146 1147 2208 ab
1167 2145 1240 2226 hae,

90 2249 172 2310 quae
194 2231 346 2310 imminet,
375 2232 568 2296 Judaeorum
594 2233 725 2314 perfidia
752 2246 786 2294 et
814 2253 834 2294 a
860 2242 1041 2296 cunctarum
1062 2231 1240 2294 haeresium

89 2314 199 2394 injuria
228 2316 456 2400 defendentes,
486 2328 577 2382 erunt
603 2321 746 2399 actibus,
774 2318 901 2398 judiciis
932 2327 965 2378 et
992 2318 1060 2380 vita
1086 2317 1241 2399 modesti3

91 2409 181 2463 eruut
207 2401 239 2462 in
264 2405 493 2482 provisionibus
521 2424 623 2468 rerum
649 2412 715 2466 tarn
742 2406 828 2484 parci
856 2403 989 2483 amplius
1010 2421 1103 2483 quam
1116 2402 1150 2479 ⁷)
1179 2420 1240 2464 ex-

91 2486 188 2565 tenti,
222 2493 259 2547 ut
286 2489 369 2551 nulla
394 2491 427 2552 vi
455 2498 510 2552 aut
538 2491 674 2559 factione
699 2490 920 2570 scripturarum
946 2488 999 2552 vel
1028 2486 1241 2548 definitionum

90 2571 358 2654 qualiumcumque
379 2583 560 2638 contractus
582 2596 601 2636 a
621 2575 754 2638 subditis
771 2576 823 2636 vel
845 2575 976 2656 exigant
990 2574 1043 2634 vel
1064 2571 1241 2654 exigendos

87 2657 271 2738 intendant3
298 2669 387 2722 erunt
412 2661 442 2722 in
469 2662 653 2742 conquisitis
679 2661 845 2722 oblationis
870 2659 1070 2742 gratissimae
1084 2656 1118 2735 8)
1146 2658 1240 2721 rebus

88 2762 153 2804 non
181 2753 419 2824 prospectantes
445 2749 558 2828 proprii
580 2745 650 2826 jura
677 2746 848 2826 commodi,
877 2744 936 2806 sed
957 2744 1160 2808 consulentes
1179 2762 1241 2823 pa-

88 2829 169 2890 triae
196 2837 291 2908 atque
321 2832 428 2912 genti3
457 2832 497 2894 de
525 2830 618 2894 rebus
649 2832 854 2914 congregatis
881 2832 920 2892 ab
950 2831 997 2892 eis
1025 2830 1094 2890 illas
1115 2837 1239 2890 tautum

90 2914 151 2976 sibi
177 2914 338 2976 vindicent
366 2924 491 2998 partes,
519 2936 599 2998 quas
624 2916 822 2994 dicaverit⁹)
848 2917 1018 2978 auctoritas
1044 2914 1240 2996 principalis3

89 3017 198 3060 verum
219 3017 434 3080 quaecumque
459 3003 632 3068 inordinata
652 3003 831 3083 reliquerint
850 3001 1088 3064 haereditabunt
1108 3000 1240 3081 gloriam

90 3101 308 3166 successores,
329 3087 517 3167 propriam)
539 3107 645 3152 eorum
667 3097 700 3150 et
720 3097 795 3150 ante
815 3107 947 3170 regnum
962 3085 1140 3166 justissime
1160 3104 1241 3148 con·

91 3169 207 3248 quisita
234 3177 288 3231 aut
315 3170 368 3231 filii
398 3181 452 3233 aut
479 3174 635 3236 haeredes
660 3175 787 3253 capiant
815 3171 885 3252 jure
917 3172 1133 3252 proximitatis.
1189 3171 1239 3232 De

90 3253 228 3317 affinium
249 3257 454 3318 successione
475 3261 529 3322 vel
549 3278 676 3322 munere
698 3260 841 3339 quamvis
859 3259 1030 3320 inordinata
1050 3257 1167 3336 relicta,
1185 3263 1240 3318 aut

89 3341 220 3421 primum
254 3350 375 3402 tantum
408 3343 479 3406 siliis
507 3355 563 3408 aut
589 3344 776 3408 haeredibus
801 3351 971 3423 sequenter
998 3341 1163 3422 proficiant
1185 3339 1241 3402 vel

88 3427 284 3506 propinquis,
314 3437 408 3508 atque
430 3431 475 3490 ita
496 3432 527 3490 in
548 3449 655 3492 eorum
676 3429 800 3494 cunctis
820 3430 959 3509 actibus,
987 3429 1124 3506 moribus
1145 3434 1241 3508 atque

89 3512 185 3578 rebus
210 3513 371 3590 praefatae
393 3514 475 3594 legis
498 3516 555 3586 erit
576 3517 747 3578 auctoritas
766 3515 916 3594 valitura,
945 3522 981 3576 ut
1002 3512 1102 3591 etss)
1124 3532 1241 3593 peren-

90 3593 171 3655 uiter
198 3607 324 3656 maneat
350 3598 544 3669 inconvulsa.
585 3601 628 3667 Mt
656 3620 716 3665 non
739 3601 825 3680 prius
853 3601 975 3680 apicem
996 3599 1087 3681 regui
1108 3599 1241 3682 quisque

89 3678 320 3760 percipiatffl),
338 3701 429 3761 qnam
450 3703 487 3749 se
508 3687 592 3749 illam
612 3706 668 3767 per
689 3687 792 3748 omnia
812 3687 1027 3766 suppleturum
1043 3681 1241 3764 jurisjurandi

89 3771 253 3825 taxatione
269 3763 412 3829 deliniat:
437 3769 487 3831 cui
508 3773 604 3842 etiam
623 3772 688 3854 legi
700 3773 754 3832 vel
775 3771 903 3834 decreto
925 3769 1163 3851 episcopali¹³)
1178 3787 1241 3830 nou

35 3879 44 3902 ·
88 3850 191 3912 solum
208 3850 239 3910 in
254 3850 368 3926 futuro,
390 3853 448 3916 sed
470 3857 563 3919 ctiam
584 3858 616 3918 iu
637 3857 797 3936 praesenti
816 3859 1023 3918 reverentiam
1045 3862 1241 3934 apponentes

90 3934 286 3996 decernimus
300 3946 336 3998 ut
350 3939 536 4021 quicumque
553 3942 711 4004 detractor
732 3950 766 4002 et
786 3961 849 4002 non
869 3943 973 4021 potius
993 3948 1160 4003 venerator
1181 3939 1241 4001 de-

89 4021 170 4117 creti
195 4018 337 4100 ejusdem
365 4032 460 4107 atque
488 4027 572 4110 legis
603 4045 677 4090 esse
705 4027 865 4108 maluerit,
895 4028 965 4090 sive
994 4027 1161 4110 religiosus
1188 4026 1240 4086 ille

88 4112 132 4166 srt
169 4105 238 4166 sive
277 4107 399 4189 laicus,
437 4131 499 4173 non
534 4112 634 4176 solum
666 4111 886 4184 ecclesiastica
917 4111 1240 4194 excommunicatione

87 4189 262 4272 plectatur,
292 4213 402 4256 verum
423 4205 456 4258 et
476 4199 527 4260 sui
548 4197 664 4260 ordinis
686 4198 840 4280 dignitate
860 4198 1007 4278 privetur.

86 4316 287 4330 m

125 4371 154 4438 1)
172 4381 197 4424 et
208 4390 264 4494 ppo
281 4383 335 4428 tom
353 4377 392 4486 lq
432 4410 482 4462 ’‘.
512 4381 543 4448 ²)
560 4383 659 4434 unitate
676 4379 704 4433 in
721 4381 810 4490 msM.
846 4407 881 4419 -
925 4380 954 4448 ³)
971 4399 1066 4484 qpqque
1082 4383 1195 4438 menbra
1212 4383 1240 4437 in

157 4459 275 4596 iiiitoin
286 4474 328 4567 iu.
345 4447 400 4565 M.)
418 4449 524 4586 {Tui}
536 4450 794 4589 iiiioqiiaianaui.
809 4449 1129 4590 ciPssii'irbictiocibcs
1143 4455 1241 4590 {isirin

157 4597 222 4633 sime
239 4581 276 4633 Μ.
311 4613 346 4623 -
382 4587 412 4652 ⁹)
430 4590 564 4641 dictaverit
581 4591 619 4644 M.
654 4621 689 4631 -
720 4592 771 4659 1⁰)
788 4593 890 4662 proprii
906 4591 938 4643 Α.
954 4593 1043 4658 Ε.3.,
1061 4600 1087 4646 et
1103 4595 1132 4648 in
1149 4611 1184 4646 m.
1202 4594 1240 4644 M.

58 4667 61 4673 ·
105 4647 156 4718 Η)
174 4659 202 4703 ut
221 4667 251 4703 eu
269 4651 306 4706 M.
324 4682 359 4693 —
384 4658 577 4727 ¹²)qrriaqanur
593 4663 735 4730 percepcit
752 4663 789 4714 M.
814 4689 849 4701 -
872 4662 922 4729 1³)
932 4663 1102 4752 episcopalem
1116 4664 1145 4756 in
1158 4681 1192 4716 m.
1202 4663 1240 4715 M.
