2916 5050
234 239 298 306 roa
491 233 626 300 connx
647 233 872 304 nectarae
897 213 1133 306 annonae.

289 406 350 472 XI.
389 403 429 468 Si
458 409 528 490 pais
552 406 717 489 masmar
745 417 858 474 centra
886 413 1065 496 wltreiam
1091 429 1186 512 aaran
1215 411 1352 488 infictae

534 493 671 556 cabima
685 497 823 575 fecerit,
850 497 1023 559 anatim
1042 498 1099 558 ait.
1434 541 1435 544 ,

321 593 372 654 Ab
393 593 548 654 urdversia
570 597 729 675 episcopis
750 597 866 660 dictum
888 608 960 661 est:
993 599 1030 660 Si
1051 599 1122 678 quis
1143 597 1314 677 presbyter
1337 603 1393 659 etc.

238 679 337 742 (lonc.
348 679 454 772 Catili.
464 679 502 738 ll.
519 675 579 742 c.8
592 680 642 742 lin.
652 682 822 760 (om.vorb.
837 685 1042 746 cabilonicae
1052 719 1090 729 -
1101 703 1197 746 anam
1208 681 1394 764 baptisma).

281 797 361 864 ΧΗ.
394 793 434 858 Sl
456 797 526 879 qais
548 797 713 880 epriscopuo
734 799 851 884 absque
871 807 1011 885 ternpore
1030 803 1143 883 maadi
1164 803 1200 863 ia
1221 801 1361 864 minine

382 882 529 942 detentas
545 885 668 964 suerit,
690 902 712 945 a
733 885 898 949 duodecim
920 890 1076 971 princepis
1098 887 1262 958 audiatur.

324 983 416 1044 Felix
448 983 619 1065 episcopus
650 984 747 1048 dixitr
785 990 934 1072 suggero
969 989 1142 1054 secundum
1177 995 1301 1051 statuta
1338 995 1395 1048 etc.

243 1067 341 1130 Cone.
362 1068 467 1130 Carth.
481 1071 517 1130 ll.
541 1089 570 1132 c.
590 1070 629 1133 10
651 1071 715 1154 init
1434 1091 1435 1136 ι

287 1182 382 1246 XIII.
408 1184 451 1246 Ut
463 1206 526 1247 aaa
540 1183 639 1248 liceat
652 1188 831 1270 episcopm
844 1193 911 1254 aiei
925 1213 946 1256 a
956 1185 1106 1276 plurimis
1122 1191 1282 1266 ordinari,
1300 1189 1361 1251 sed

347 1271 378 1330 ai
394 1273 567 1333 necessitas
582 1273 689 1351 suerit
710 1271 761 1334 ael
776 1295 798 1334 c
819 1277 921 1340 tribou
942 1280 1107 1341 ordinetur
1124 1278 1298 1362 piscaria·

327 1365 473 1433 Aurelius
504 1375 672 1454 episcopus
704 1373 799 1436 dixit:
833 1377 916 1457 Quid
948 1381 989 1444 ad
1020 1377 1101 1444 haec
1134 1379 1210 1442 dicit
1240 1378 1395 1440 sanctitas

243 1451 381 1519 vestra?
418 1457 468 1520 Ab
490 1461 646 1520 universis
668 1460 826 1540 episcopis
841 1463 964 1527 'dictum
987 1475 1056 1528 est:
1090 1465 1121 1527 A
1141 1463 1231 1527 nobis
1251 1471 1395 1524 veterum

244 1549 365 1604 statuta
392 1541 506 1605 debere
533 1547 652 1606 servari
664 1587 674 1626 ,
702 1544 797 1608 sicuti
823 1557 856 1610 et
881 1550 1064 1614 inconsulto
1077 1551 1206 1631 primate
1229 1548 1396 1628 cujuslibet

244 1629 424 1706 provinciae
443 1637 507 1690 tam
524 1629 616 1692 facile
633 1649 694 1691 non
711 1645 911 1711 praesumant
936 1637 1024 1700 multi
1047 1635 1232 1718 congregati
1253 1634 1394 1714 episcopi

245 1713 429 1793 episcopum
456 1713 613 1776 anlinare:
643 1716 702 1776 nisi
723 1718 751 1777 si
772 1722 949 1783 necessitas
970 1721 1076 1804 irretit,
1102 1731 1168 1782 tres
1196 1717 1341 1800 episcopi
1368 1721 1394 1780 iu

245 1813 431 1880 quocunque
452 1799 522 1861 loco
545 1801 608 1861 sint
638 1799 707 1879 ejus
728 1815 897 1884 praecepto
919 1806 1059 1868 ordinere
1080 1805 1237 1868 debebunt
1266 1807 1394 1884 episco-

245 1895 339 1965 pum,
372 1892 406 1944 et
432 1883 460 1946 si
487 1884 558 1964 quis
578 1893 686 1946 contra
707 1903 796 1947 suam
815 1891 1041 1968 professionem
1062 1893 1114 1954 vel
1134 1891 1394 1972 subscriptionem

245 1968 367 2044 venerit
387 1969 418 2028 in
439 1967 557 2050 aliquo,
585 1969 654 2048 ipse
677 1988 713 2030 se
733 1969 850 2034 bonore
871 1977 1004 2054 privabit
1018 1977 1060 2056 ¹).
1249 1991 1253 1998 '

287 2083 380 2145 XIV.
413 2083 457 2144 Ut
477 2085 517 2146 rle
535 2084 656 2168 Tripoli
676 2107 756 2149 anas
777 2093 939 2176 epotemus
961 2095 997 2155 ia
1019 2093 1211 2176 legationem
1232 2095 1356 2169 veniat,

349 2175 383 2230 et
399 2175 436 2230 at
450 2169 617 2250 presbyter
632 2171 750 2234 ibidem
768 2194 788 2234 a
807 2179 943 2260 quinque
959 2181 1113 2263 episcopis
1126 2181 1290 2244 audiatur.
1341 2235 1346 2266 ,
1434 2201 1435 2276 3

328 2271 408 2329 ltem
422 2269 458 2349 ²)
489 2272 606 2351 placuit
625 2272 665 2334 de
688 2275 804 2354 Tripoli
829 2289 954 2359 propter
975 2279 1108 2363 inopiam
1135 2283 1331 2363 provinciae,
1361 2289 1392 2342 ut
1434 2277 1435 2336 l

244 2370 326 2414 unus
347 2354 515 2436 episeopus
537 2357 568 2419 in
588 2358 779 2440 legationem
793 2366 911 2448 veniat,
928 2374 962 2429 et
975 2378 1010 2430 ut
1024 2371 1065 2430 ibi
1080 2369 1245 2454 presbyter
1266 2387 1286 2428 a
1303 2369 1390 2450 quin·
1434 2373 1435 2392 ¹

244 2457 306 2519 que
327 2438 469 2504 audiatur
495 2443 654 2524 episcopis
681 2454 714 2506 et
735 2446 886 2513 diaconus
908 2472 927 2514 a
948 2452 1063 2535 tribus,
1092 2463 1127 2516 ut
1152 2453 1297 2534 superius
1324 2473 1390 2514 me·
1434 2465 1435 2522 l

243 2533 394 2586 moratum
416 2535 481 2609 est,
502 2531 623 2610 proprio
644 2529 794 2614 episcopo
815 2537 973 2602 residente
987 2539 1046 2618 ³).'
1408 2597 1412 2606 .

287 2642 362 2706 XV.
385 2642 436 2708 De
454 2647 589 2711 diversis
611 2649 773 2714 ordinibus
796 2655 949 2719 ecelesiae
968 2657 1197 2720 sacientibaoe
1217 2661 1255 2718 at
1275 2657 1307 2716 si
1328 2658 1395 2737 qaia
1434 2659 1435 2726 ἶ

349 2731 385 2792 ia
406 2749 536 2794 eaasora
558 2735 702 2796 criminis
723 2739 912 2822 incurrerit,
940 2749 973 2802 et
994 2743 1142 2804 abnuerit
1162 2743 1325 2823 judiciem
1346 2762 1395 2802 ec·

353 2813 588 2893 clericaticam,
619 2821 733 2882 debeat
754 2822 942 2903 periclitari
952 2849 965 2888 .-
980 2834 1028 2888 ·et
1049 2835 1086 2888 at
1104 2828 1176 2907 filii
1196 2828 1396 2912 sacerdotum
1434 2853 1435 2870 ι

578 2904 761 2982 φασιαοαία
782 2909 963 2974 saecularia
983 2931 1048 2974 noa
1068 2913 1198 2974 mant.

330 3000 428 3064 Cone.
449 2996 557 3078 Carth.
570 3003 620 3062 lll.
652 3003 725 3070 ccii
749 3006 798 3068 iil.
822 3009 872 3072 11.
1155 3027 1160 3031 ’

287 3111 379 3184 XVI.
416 3111 461 3176 Ut
482 3117 586 3180 auitos
606 3123 786 3204 episcopas,
811 3129 975 3210 presbyter
995 3138 1029 3193 et
1049 3133 1203 3194 diaconas
1224 3129 1396 3193 conductor

350 3203 493 3272 caietat'e,
517 3210 551 3264 et
567 3206 608 3267 iet
623 3207 762 3292 'lectum
780 3229 894 3275 aceres
912 3217 1086 3298 accipient,
1108 3224 1142 3280 et
1160 3217 1273 3278 cleriei
1294 3217 1394 3278 abati-

349 3293 448 3350 ncaat
470 3287 509 3349 ab
531 3291 697 3372 osane).-
716 3300 752 3357 et
773 3315 833 3378 qao
853 3298 994 3381 temore
1013 3301 1067 3364 ael
1086 3303 1159 3385 ipsi,
1181 3300 1232 3364 ael
1252 3303 1395 3385 virginea

282 3382 285 3390 '
627 3440 631 3444 ,
717 3441 725 3448 ,
748 3391 976 3447 consecrentur.

328 3471 426 3533 Cano.
445 3471 554 3533 Carth.
565 3475 616 3535 lll.
637 3495 664 3536 c.
684 3479 731 3539 15.
756 3481 805 3544 19.
829 3483 877 3546 16.
898 3486 928 3546 4.

287 3589 321 3652 X
328 3583 396 3650 Vll.
436 3581 479 3650 Ut
500 3603 707 3682 unaquaeque
730 3602 902 3678 prooiaoia
923 3607 1057 3686 prepter
1083 3603 1353 3688 laragiaqaitatem
1434 3613 1435 3616 ’

318 3753 322 3760 v
600 3682 774 3758 primatem
800 3685 917 3750 tabeat
937 3691 1112 3772 parperiam.

325 3769 465 3854 Placuit,
484 3777 519 3836 ot
540 3767 728 3845 Mauritania
747 3783 953 3872 sitiphensis,
975 3800 1010 3852 ut
1030 3793 1211 3874 postulavit,
1231 3793 1395 3872 primatem

241 3860 420 3936 provinciae
441 3854 618 3945 Numidiae,
640 3887 681 3928 ex
700 3869 790 3950 eujus
812 3883 905 3936 coetu
925 3885 1096 3959 separatur,
1116 3886 1152 3938 ut
1165 3877 1200 3956 ⁵)
1219 3897 1311 3939 suum
1330 3879 1394 3942 ha·
1434 3911 1435 3916 ¹

240 3943 316 4012 beat
335 3945 515 4025 primatem,
546 3965 639 4027 quem
660 3960 926 4022 consentientibus
947 3961 1088 4022 omnibus
1109 3963 1290 4042 primatibus
1316 3984 1392 4044 pro-

241 4025 411 4088 vinciarum
436 4028 672 4117 Africanarum,
705 4040 757 4100 vel
789 4045 930 4108 omnibus
957 4047 1134 4128 episcopis,
1168 4050 1293 4131 propter
1319 4050 1391 4114 lon·

239 4109 444 4192 ginquitatem
464 4111 579 4176 babere
596 4121 748 4210 permissa
769 4135 820 4190 est
834 4126 877 4205 6).

238 4263 438 4284 ...nh-...fl-

170 4385 173 4404 .
275 4366 286 4400 1
321 4359 364 4424 bl.
382 4359 438 4429 ipse
456 4361 549 4416 barim
566 4367 717 4434 privabitur.
734 4401 769 4414 -·-
787 4377 842 4443 ipse
859 4379 998 4436 seabbae
1015 4388 1241 4451 concameravit.
1268 4389 1334 4442 Jost.
1352 4421 1388 4433 -

204 4493 209 4504 ⁸
272 4425 287 4470 b
321 4430 399 4481 Sane.
421 4429 486 4484 last.
521 4463 557 4473 —
602 4437 631 4506 ³)
647 4457 726 4510 wip.-
740 4448 779 4511 ep.
796 4447 872 4500 reaid.
890 4449 974 4506 deest.
1000 4455 1065 4516 lost.
1100 4480 1135 4494 -·-
1170 4456 1200 4522 ⁴)
1213 4459 1342 4510 tworibw
1359 4461 1386 4513 in

201 4543 204 4548 .
308 4515 392 4565 marg.
409 4495 503 4554 blansi.
531 4529 579 4584 j·
621 4509 651 4576 ιἰ)
668 4512 789 4566 Delenda
806 4520 932 4576 vocabula
948 4533 990 4588 at,
1014 4526 1130 4578 abundat
1148 4527 1227 4578 enim.
1254 4530 1387 4583 Hardnin.

271 4567 300 4634 ι)
318 4570 360 4622 aa.
381 4569 485 4626 saluta
502 4569 617 4644 Ιιψροιι.
630 4579 674 4634 rv.
690 4581 728 4651 (p.
747 4584 800 4640 rao
815 4590 915 4658 supro.
950 4619 984 4632 -
1000 4579 1021 4604 ·
