2916 5050
230 310 232 315 -
353 276 488 348 corax
509 261 731 382 accisam
750 263 986 404 aratorum.
1188 253 1318 350 ιιι

127 447 169 524 ba
188 457 248 522 lice
270 453 410 518 amabo
428 452 508 538 qaid
527 453 654 535 egerint
674 448 830 535 qaiaoopi,
857 455 914 537 qai
933 453 980 518 ad
998 424 1215 521 aramma

396 539 500 624 legati
518 539 639 600 directi
656 543 747 615 sant,
768 539 949 602 intimatae.

109 637 416 707 ''Gloriosissimo
443 641 627 722 imperatore
649 639 829 704 'l'beodosio
860 648 996 724 augusto
1024 648 1057 704 et
1077 637 1246 706 Rumorido

91 742 124 792 v.
137 729 175 792 cl.
190 727 386 826 consulibus,
408 727 491 788 Vlll.
506 725 667 788 Kalendas
681 723 892 826 Septembris,
900 689 1163 810 Carthaginem
1183 729 1244 790 ha-

93 811 184 877 silica
212 813 351 895 regionis
373 811 551 894 secundae,
577 823 649 874 curn
672 809 818 872 Aurelius
839 811 1006 892 episeopus
1028 811 1059 873 in
1079 813 1247 876 universali

93 899 227 961 concilio
257 897 459 960 consedisset
482 896 688 958 adstantibus
714 895 874 977 diaconis,
902 897 1048 959 Aurelius
1078 900 1248 998 episcopus

95 981 192 1048 dixit·
209 983 388 1066 Exigente
415 983 541 1044 ratione
564 983 741 1045 fraternitas
760 989 870 1043 vestra
890 999 910 1044 a
930 999 1002 1046 mea
1027 979 1180 1046 tenuitate
1206 978 1247 1047 ad

95 1071 158 1131 hoo
180 1069 344 1130 concilium
371 1075 567 1152 congregata
598 1075 659 1129 est.
700 1065 888 1129 Jamdudum
910 1069 1008 1150 enim,
1036 1070 1121 1130 sicut
1139 1077 1248 1133 vestra

95 1155 250 1218 sanctitas
270 1153 458 1252 recordatur,
480 1151 585 1214 habito
600 1153 733 1215 concilio
749 1151 974 1214 destinavimus
994 1113 1105 1215 iratres
1122 1163 1248 1218 nostros

87 1239 138 1303 ,ad
159 1239 362 1301 transmarina
381 1239 529 1321 legatos,
561 1255 640 1318 quos
662 1239 797 1316 oportuit
819 1237 851 1300 in
873 1247 967 1299 coetu
988 1239 1167 1302 sanctitatis
1185 1257 1249 1303 ve·

96 1333 183 1386 strae
203 1324 385 1405 perfunctae
412 1323 582 1406 legationis
607 1333 734 1386 eumuna
759 1321 908 1398 ιιιιιιιιι,
940 1330 973 1384 et
999 1323 1076 1386 licet
1100 1323 1249 1388 hostemo

96 1411 148 1473 die
170 1409 212 1472 de
233 1410 295 1472 hac
320 1428 354 1472 re
375 1407 610 1472 considentibus
637 1409 729 1470 nobis
755 1415 879 1488 praeter
906 1416 1002 1490 gesta
1028 1409 1250 1474 ecclesiastica

96 1492 235 1578 diligent
227 1513 278 1557 rus
304 1513 394 1576 quae
414 1494 574 1577 gesserint
606 1499 835 1574 nahtaremuS,
866 1491 960 1557 hodie
995 1501 1100 1557 tamen
1126 1503 1253 1578 oportet

94 1589 262 1644 bacatum
283 1578 422 1642 hesterni
444 1579 507 1642 diei
529 1578 613 1641 actis
631 1577 859 1642 ecclesiasticis
880 1575 1060 1664 continuari.

152 1704 205 1770 De
232 1707 387 1790 epriacopia
408 1705 650 1792 provinciaram
670 1703 823 1784 Afiioac,
851 1706 907 1788 qai
930 1725 995 1768 aaa
1022 1705 1199 1788 adfiaeamri
1255 1709 1258 1714 '

370 1813 384 1834 ·
497 1792 668 1874 praesenti
692 1791 837 1851 concilio.
1268 1804 1272 1815 ·

182 1889 266 1954 Ordo
288 1891 394 1973 itaque
414 1909 515 1954 rerum
528 1891 682 1972 deposcit,
703 1899 739 1952 ut
759 1891 900 1972 primitus
917 1891 958 1954 de
974 1885 1125 1956 iratribus
1134 1888 1254 1957 nostris

99 1987 133 2041 et
153 1977 446 2059 consacerdotibus,
484 1978 538 2060 qul
558 1976 600 2039 ad
626 1977 688 2039 hoc
708 1977 873 2039 concilium
892 1977 945 2038 vel
967 1977 1007 2040 de
1028 1979 1169 2061 Byzacio
1196 1971 1255 2042 vel

97 2073 184 2126 certe
211 2063 252 2126 de
280 2063 468 2124 Mauritania
495 2070 727 2145 convenerunt,
761 2075 964 2144 quaeramus,
993 2061 1251 2144 quemadmodum

97 2150 171 2212 huic
200 2149 330 2212 concilio
353 2149 550 2210 decreuerint
571 2149 740 2210 interesse.
779 2149 822 2210 Et
844 2147 1046 2211 offerentibus
1065 2149 1253 2238 Philologio,

99 2233 194 2315 Geta,
210 2234 406 2316 Venustano,
429 2242 462 2294 et
482 2232 653 2314 Feliciano,
676 2235 834 2314 episcopis
853 2235 1033 2314 provinciae
1050 2221 1251 2319 Byzacenae,

98 2319 267 2402 legationis
287 2320 393 2380 literas
413 2326 449 2380 et
468 2319 618 2418 recitatis,
639 2318 844 2383 offerentibus
864 2321 958 2384 etiam
971 2321 1112 2383 Lucieno
1135 2329 1170 2381 et
1183 2321 1252 2383 Sil·

98 2421 193 2484 vano,
212 2403 328 2502 legatis
348 2405 526 2483 provinciae
541 2403 748 2468 Mauritaniae
767 2404 968 2485 sitiphensis,
989 2405 1160 2487 legationis
1177 2407 1252 2468 lite·

102 2507 155 2554 ras
180 2495 213 2550 et
239 2489 399 2569 recitatis,
425 2489 572 2554 Aurelius
598 2489 769 2572 episcopus
795 2491 892 2554 dixit.
924 2491 1256 2573 lterumaeriptomar

62 2579 70 2594 ‘
101 2581 211 2638 textus
231 2574 399 2645 sociabitur
418 2577 544 2657 gestis

448 2700 502 2767 aa
530 2701 686 2784 epriaoopia
695 2690 908 2780 Byzaeeaa'a.
955 2773 958 2778 Δ

180 2803 347 2868 Numidius
361 2801 530 2882 episcopus
544 2799 636 2864 dixit:
660 2797 946 2862 Animadvertimus
964 2797 1076 2862 iratres
1092 2809 1127 2864 et
1141 2799 1255 2884 coepi
1255 2869 1261 2880 ,

98 2909 226 2970 scopos
241 2897 366 2950 nostros
386 2889 577 2968 Byzacenae
603 2888 783 2968 provinciae
806 2893 838 2947 et
859 2885 1066 2948 Mauritaniae
1088 2885 1254 2969 sitiphen-

98 2975 145 3037 sis
171 2975 212 3036 ad
239 2973 403 3036 concilium
436 2969 616 3034 destinasse
641 2972 789 3054 legatos
819 2987 903 3034 nuuc
917 2989 1123 3071 quaeramus,
1150 2967 1254 3036 utrum

97 3060 198 3144 legati
222 3055 389 3120 Numidiae
416 3054 615 3138 advenerint,
641 3057 694 3120 vel
722 3065 810 3120 certe
837 3057 1016 3138 provinciae
1044 3057 1255 3140 Tripolitanae
1335 3063 1337 3066 ’

100 3137 158 3208 'vel
178 3143 384 3207 Mauritaniae
406 3139 633 3205 Caesariensis.

320 3269 376 3334 Da
402 3270 557 3352 qriscapia
579 3267 800 3332 Mauritaniae
827 3265 1033 3348 Sitiplrensia.

109 3395 114 3412 ·
183 3373 344 3435 Lucienus
364 3381 399 3434 ct
419 3372 570 3434 Silvanus
591 3370 748 3450 episcopi,
779 3368 877 3450 legati
896 3367 1079 3448 provinciae
1097 3369 1253 3432 Mania-

99 3458 172 3520 rriae
184 3457 385 3539 sitiphensis,
404 3457 570 3519 dixerant.
592 3455 672 3518 Sero
694 3453 975 3516 aalCaesarienses
995 3453 1108 3516 fratres
1129 3463 1255 3520 nostros

98 3544 247 3606 tractoria
273 3544 377 3624 venit3
403 3561 475 3604 nam
497 3541 564 3623 jam
592 3547 625 3602 et
652 3541 695 3602 illi
720 3533 881 3621 venirent,
908 3546 1013 3602 ιιιιιιιι
1029 3539 1256 3604 necassent

99 3627 245 3707 veniant,
274 3636 307 3695 et
333 3626 517 3692 confidimus
537 3627 577 3690 de
598 3623 709 3690 animis
715 3626 864 3724 illorum,
893 3624 966 3705 quia
993 3625 1152 3708 siquid
1140 3647 1171 3687 m
1192 3627 1254 3688 hoc
1285 3689 1291 3694 ,

100 3672 245 3776 concilii>
260 3701 392 3798 gestum
417 3711 526 3820 fuerit,
553 3720 587 3776 et
613 3709 675 3794 ipsi
695 3711 765 3773 sine
784 3707 877 3772 dubio
899 3727 976 3772 suos
996 3728 1174 3776 consensus
1194 3711 1256 3774 ad-

98 3795 258 3862 hibebunt

423 3923 477 3988 Da
505 3923 665 4006 episcopia
689 3917 866 3984 Numidiae
885 3913 951 3996 ιι

171 4023 306 4108 Alypius
317 4027 490 4106 episcopus
500 4025 658 4088 ecclesiae
666 4019 876 4104 'tagastensis
886 4017 980 4081 dixit:
995 4017 1066 4081 Nos
1079 4017 1257 4100 qridemdo

100 4109 401 4176 Numidiavenimus
400 4127 482 4210 ,ogo
493 4105 1183 4188 etsanotifratresAuguatiunsetl’ossidias,
1197 4103 1258 4171 sea

99 4191 142 4260 dc
152 4197 298 4258 Numidia
309 4157 428 4280 legatio
440 4197 520 4258 mitti
531 4211 594 4257 non
605 4192 760 4274 potait²),
773 4190 855 4272 quod
869 4190 971 4252 adhuc
982 4187 1113 4252 tunmltu
1125 4193 1259 4256 tirouuni

100 4281 242 4363 episcopi
271 4283 403 4362 propriis
428 4279 708 4344 necessitatibus
699 4297 731 4341 ιιι
752 4277 932 4340 ciuitatibus
953 4276 1020 4336 suis
1042 4286 1097 4338 ιιι
1118 4279 1259 4359 impediti

98 4375 156 4432 aut
169 4368 317 4450 occupati
332 4375 416 4433 sunt
450 4368 535 4431 Nara
550 4364 644 4430 οιιιιι
662 4365 841 4428 castoriam
851 4361 885 4442 ι)
898 4361 1078 4426 sancitati·
1094 4369 1168 4426 tuae
1186 4377 1261 4427 san

135 4585 169 4654 l)
187 4583 308 4639 Nantua
324 4585 408 4641 Hard.
443 4614 479 4632 -ι-
513 4585 545 4652 ¹)
562 4586 603 4638 Al.
618 4582 744 4649 ispali..
759 4584 998 4645 ‚mmpolttctatti
1034 4579 1065 4646 ³)
1080 4563 1259 4632 crameriam

173 4655 256 4708 llard
291 4683 325 4698 *—

1018 4729 1089 4790 ιι*
