2880 5050
216 241 284 316 884
459 241 701 314 concuret!
721 241 993 314 ronurmm
1011 243 1113 312 xvu

217 415 371 502 praedicti
389 423 538 498 parentes
558 433 665 482 eorum
685 431 819 478 oensem
839 422 930 478 erunt
949 412 1051 481 modis
1068 413 1214 482 omnibus
1236 415 1395 482 feriendi.

218 505 303 568 Nam
330 510 363 566 et
389 501 590 583 quorumdam
619 500 820 564 sacerdotum
847 519 910 562 non
930 501 1007 563 sinit
1026 501 1146 564 veritas
1167 501 1274 564 silere
1300 505 1393 567 insa-

219 591 323 668 niam,
350 588 403 670 qui
430 595 504 650 ante
529 593 768 650 sacrosanctum
796 585 893 648 altare
919 583 971 646 dei
990 605 1045 667 pro
1065 588 1309 668 superstitibus
1333 591 1392 650 ho-

218 671 354 736 miuibus
373 673 488 734 missas
508 670 645 734 audeant
666 669 772 733 dicere
792 669 832 732 da
853 668 1029 751 deiimctis,
1059 680 1093 732 et
1118 689 1194 734 oum
1222 673 1306 736 aliis
1330 693 1390 736 nc-

220 777 301 826 cere¹
313 755 477 820 intendunt
497 755 557 837 ipsi
578 756 704 818 sibimet
723 755 829 835 potius
848 755 1064 818 interfectores
1078 757 1226 833 existunt
1243 766 1285 820 et
1309 777 1388 820 sua-

218 861 286 908 rum
306 842 465 906 incurrunt
491 839 648 902 excidium
675 840 843 902 animarum
869 839 901 900 in
928 859 983 922 eo,
1010 839 1093 922 quod
1119 842 1287 922 scriptum
1319 854 1386 906 est:

224 927 282 1004 Oa,
305 927 389 1010 quad
406 928 575 1004 meratitae,
597 923 948 1006 ocotdttmtmam1);
977 932 1011 986 et
1037 923 1110 987 dum
1129 926 1278 1006 quodam
1302 929 1381 990 invi-

219 1013 292 1078 diae
312 1013 365 1074 vel
385 1012 522 1074 malitiae
541 1009 641 1072 livore
663 1017 731 1070 tam·
748 1010 866 1072 nefaria
885 1018 1015 1091 gemnt,
1034 1029 1129 1072 unum
1150 1021 1222 1093 est,
1246 1015 1333 1094 quia
1353 1023 1384 1075 et
1419 1043 1420 1050 ι

221 1097 282 1160 deo
308 1097 498 1158 mentiuntur
525 1103 562 1164 et
585 1096 617 1156 in
644 1113 752 1156 arcum
777 1106 961 1174 perversum
980 1095 1212 1158 sacerdotalem
1236 1098 1382 1160 ordinem

219 1190 356 1246 vertunt.
397 1178 489 1258 Quod
508 1181 536 1242 si
558 1178 680 1242 domino
707 1177 902 1242 mendacium
928 1178 1104 1259 hujusmodi
1132 1179 1302 1245 sacrificio
1334 1184 1382 1245 oi·

219 1267 301 1330 iarre
326 1283 388 1328 nou
414 1273 578 1346 metuunt,
605 1263 679 1346 quid
701 1263 741 1326 de
761 1272 868 1328 cetero
890 1263 1038 1328 falsitatis
1057 1265 1141 1346 ioqui
1162 1263 1380 1346 pavescunt?

218 1353 348 1416 Petrum
377 1348 512 1430 denique
536 1349 714 1431 apostolum
740 1346 860 1410 dixisse
886 1349 1020 1431 legimus
1045 1350 1188 1412 Ananiae
1216 1356 1378 1414 memineo
1419 1409 1420 1422 ,

218 1445 255 1502 ιιι
275 1436 361 1514 Quod
377 1434 520 1498 Satanae
541 1433 685 1516 implevit
705 1441 868 1496 cortuum
888 1437 1019 1496 mentiri
1039 1441 1073 1496 te
1092 1437 1230 1518 spiritui
1252 1445 1371 1512 sonmo,

221 1523 297 1604 puio
324 1540 389 1584 nort
417 1541 450 1582 es
477 1519 654 1585 bominibus
681 1521 834 1580 mentitus
861 1518 919 1580 scd
945 1520 1003 1581 deo
1019 1514 1081 1597 ²)‘d
1132 1521 1231 1583 Tanti
1260 1523 1370 1604 quippe

218 1607 367 1670 facinoris
393 1605 564 1668 admissum
591 1612 700 1666 vestro
727 1604 866 1666 concilio¹
886 1605 1107 1666 committimus
1142 1608 1375 1687 extirpandum,

219 1711 282 1775 quo
311 1700 346 1756 et
362 1691 432 1754 illos
452 1691 506 1772 qui
526 1690 601 1754 talia
620 1689 730 1771 egisse
750 1688 872 1752 detecti
892 1698 986 1771 sunt,
1012 1698 1047 1751 et
1067 1708 1124 1752 cos
1146 1709 1166 1752 a
1187 1694 1309 1772 quibus
1331 1693 1370 1754 ob

219 1778 283 1841 boc
311 1776 401 1840 nefas
428 1775 667 1856 perpetrandum
694 1774 850 1836 sciscitati
876 1783 972 1854 sunt,
1006 1793 1045 1838 ao
1073 1774 1228 1856 deinceps
1256 1779 1291 1840 in
1323 1779 1377 1839 tali

222 1882 325 1926 errore
354 1879 496 1944 quosque
525 1860 674 1940 delapsos
699 1859 810 1940 regula
834 1859 1011 1922 decernatis
1032 1861 1184 1922 canonica
1203 1862 1376 1944 feriendos,

222 1956 260 2014 ut
286 1948 403 2010 illatam
429 1947 462 2008 in
489 1947 681 2025 semetipsos
708 1945 887 2006 sentientes
919 1946 1144 2008 correctionem
1157 1944 1192 2026 ³)
1230 1956 1267 2009 et
1295 1951 1376 2010 maie

221 2041 296 2098 scta
305 2030 340 2110 ⁴)
356 2032 554 2111 poeniteant,
575 2038 610 2091 et
628 2048 670 2090 ne
691 2029 731 2090 ab
750 2029 821 2090 aliis
840 2030 970 2094 ulterius
989 2030 1067 2092 fiant
1087 2032 1250 2093 sententia
1264 2044 1376 2096 vestra

218 2117 360 2198 speciale
380 2114 595 2195 prohibitionis
615 2113 793 2194 exemplum
805 2113 962 2176 ostendat.
992 2116 1053 2177 His
1072 2115 1167 2196 igitur
1186 2121 1375 2196 praemissis

220 2202 328 2266 causis
363 2199 546 2280 populorum
578 2199 709 2279 negotia
737 2199 854 2260 vestris
886 2199 1013 2262 auribus
1045 2201 1187 2264 intimata
1215 2219 1294 2266 cum
1327 2205 1374 2266 dci

221 2287 333 2350 timore
362 2282 547 2366 prudentiae
580 2291 709 2346 vestrae
741 2282 964 2348 committimus
999 2284 1190 2364 dirimenda,
1229 2296 1270 2348 ut
1302 2290 1374 2370 quia

220 2369 385 2435 multitudo
413 2370 600 2451 sapientium
625 2368 746 2432 sanitas
771 2376 824 2432 est
845 2369 928 2431 orbis
948 2378 1113 2450 terrerum,
1141 2371 1226 2436 nulia
1248 2373 1295 2436 sit
1318 2393 1374 2436 oc-

221 2457 326 2537 casio,
353 2474 435 2536 quae
462 2463 591 2518 vestrae
619 2454 734 2516 mentis
760 2453 862 2516 eciem
882 2453 923 2516 ad
943 2454 1197 2536 promrdgandam
1213 2454 1374 2535 justitiam

215 2541 325 2626 possit
344 2539 538 2622 obtundere,
564 2539 668 2602 nullus
688 2539 806 2602 favoris
825 2557 863 2600 se
883 2539 973 2602 locus
993 2541 1160 2602 interserat
1180 2541 1291 2604 lumen
1312 2564 1374 2606 ve-

221 2628 323 2691 ritatis
343 2625 553 2703 abscondere,
584 2632 739 2704 quatenus
759 2625 829 2702 ipsa
848 2633 1022 2688 vestrorum
1038 2623 1223 2704 judiciomm
1242 2630 1373 2696 emissio

219 2714 293 2776 luce
315 2712 434 2773 clareat
454 2710 639 2789 aequitatis,
664 2706 820 2787 justitiam
838 2717 988 2791 proroget
1008 2709 1144 2772 debitam
1164 2711 1310 2794 populis,
1341 2723 1373 2776 et

220 2797 263 2860 ad
279 2795 434 2860 cumulum
454 2794 544 2856 nobis
564 2793 720 2873 pertineat
735 2794 884 2874 copiosae
902 2794 1066 2856 mercedis.
1089 2793 1156 2856 Sed
1171 2803 1205 2858 et
1219 2797 1298 2860 iliud
1311 2819 1372 2862 ve-

220 2880 298 2946 stris
324 2877 471 2962 precibus
498 2877 601 2942 sedari
622 2877 766 2940 obnixius
786 2897 806 2939 a
827 2877 950 2940 domino
970 2881 1210 2962 praeoptamus,
1238 2892 1278 2944 ut
1300 2886 1371 2966 quia

220 2967 324 3032 bostis
348 2963 474 3028 humani
500 2963 628 3046 generis
654 2962 806 3043 quosdam
832 2971 1008 3028 nostrorum
1029 2965 1236 3026 inhiansnon
1255 2967 1371 3031 desinit

221 3052 262 3116 ad
282 3049 487 3132 perditionem
506 3047 686 3127 subripere,
711 3067 753 3110 ex
774 3067 835 3128 quo
856 3050 977 3128 proprio
997 3050 1110 3131 culpae
1131 3060 1302 3134 cernuntur
1321 3055 1371 3116 fa·

221 3139 327 3202 cincre
347 3153 420 3216 uon,
437 3133 528 3214 quod·
542 3132 635 3212 obsit,
649 3139 777 3194 nostrae
798 3135 969 3212 potestatis
989 3133 1161 3217 gravedine
1182 3137 1295 3218 corrui,
1316 3140 1371 3200 tri·

220 3223 281 3286 bus
311 3219 423 3300 diebus
447 3219 510 3282 hoc
530 3225 659 3300 peracto
681 3217 811 3280 concilio
832 3219 990 3298 speciales
1010 3219 1130 3282 obinde·
1144 3220 1270 3282 litanias
1293 3241 1370 3286 con·

212 3309 293 3372 trito
325 3305 428 3368 cordis
452 3321 567 3368 arcano
593 3303 751 3366 celebrare
772 3304 908 3386 curetis,
937 3305 983 3368 ita
1003 3313 1161 3384 utusque
1181 3302 1277 3384 hujus
1299 3305 1369 3375 anni

221 3391 360 3474 spatium
382 3409 438 3471 per
462 3389 605 3471 singulos
631 3405 759 3450 menses
785 3387 958 3470 eodemque
978 3388 1070 3452 modo
1090 3388 1235 3452 triduana
1246 3389 1368 3471 ¹jejunia

220 3477 393 3559 peragatis,
411 3481 447 3534 ut
463 3476 536 3554 quia
554 3473 709 3536 neminem
728 3472 769 3534 dc
785 3474 836 3536 his
857 3492 937 3554 quos
958 3473 1066 3536 ditioni
1085 3482 1213 3538 nostrae
1235 3493 1367 3554 superna

219 3563 323 3644 pietas
343 3557 482 3624 subdidit
503 3575 634 3647 usquam
653 3558 754 3636 perire
774 3559 936 3639 volumus,
957 3577 1018 3622 nec
1038 3561 1171 3639 amplius
1192 3561 1367 3642 quempiam

218 3646 351 3730 perdere
384 3643 582 3725 quaerimus,
616 3642 675 3703 s'ed
700 3641 741 3704 de
767 3643 874 3723 gentis
900 3643 1027 3710 nostrae
1054 3645 1109 3706 vel
1135 3646 1257 3725 patriae
1282 3655 1366 3709 statu

218 3732 329 3796 laetari
349 3729 469 3794 affatim
488 3727 699 3808 delectamur,-
724 3736 855 3807 precatu
881 3730 995 3792 saitem
1015 3737 1144 3792 vestrae
1167 3730 1366 3793 beatitudinis

218 3817 399 3880 insidiarum
413 3813 448 3892 ⁵)
469 3813 610 3893 stimula,
636 3830 718 3893 quae
740 3811 877 3893 quotidie
892 3812 926 3893 ι)
953 3823 1062 3878 contm
1080 3822 1217 3876 nostram
1237 3817 1364 3896 gloriam

220 3907 424 3984 praeparant,
445 3918 466 3962 a
485 3899 553 3962 suis
574 3897 720 3964 cordibus
739 3897 881 3960 auferant
902 3907 936 3962 et
956 3918 1034 3982 erga
1053 3907 1192 3960 nomam
1213 3903 1365 3964 serenim-
1417 3947 1418 3966 r

219 3995 286 4050 tom
302 3984 335 4064 a)
366 4001 445 4065 pura
473 3980 548 4044 fidei
573 3981 753 4044 sinceritate
780 3983 976 4065 persistant,
1009 3992 1046 4046 ut
1073 3983 1107 4046 et
1121 3982 1155 4060 ⁸)
1189 4001 1210 4044 a
1234 3987 1363 4065 priorum

219 4072 312 4154 lapsu
338 4087 375 4132 sa
402 4075 528 4130 erectos
553 4057 628 4130 ess'e
653 4063 895 4148 congaudeant,
926 4078 960 4131 et
984 4076 1092 4131 nostra
1119 4067 1220 4148 gioria
1245 4089 1288 4132 ex
1307 4071 1364 4132 hoo

221 4175 294 4222 oum
329 4153 377 4215 eis
402 4152 493 4234 pacis
521 4159 555 4214 et
581 4149 722 4214 caritatis
749 4169 876 4214 munere
903 4154 1062 4218 cumulato
1089 4151 1218 4216 Christo
1245 4153 1364 4218 domino

219 4238 380 4304 indefessa
400 4237 569 4321 gratiarum
590 4236 854 4318 vota⁸persolvat
952 4313 959 4328 ι

219 4376 419 4400 μ

257 4471 530 4542 1)Sapientl,11.
577 4493 612 4510 ·-
641 4547 643 4551 v
668 4469 773 4554 2μοι.
788 4467 909 4535 5,3.4.
950 4501 986 4514 -
1030 4473 1261 4543 ³)cmcpiioncm
1276 4473 1362 4554 db-

256 4543 287 4680 :3
303 4540 982 4679 ὣᾞωΜΜ-ηὸζιῖῗῖιιὲἒὲιιὲιὲριιῂῗ)
999 4545 1112 4613 praetidia
1127 4545 1202 4598 deest
1219 4559 1261 4614 ap.
1277 4543 1311 4596 bi.
1329 4571 1362 4583 -
