2880 5050
360 277 601 351 consumit
620 269 891 342 sumtuum
910 271 966 338 xl
1172 257 1240 331 818

2 477 3 514 l
88 457 262 528 rectionem
280 455 492 522 necessariam
511 471 574 516 non
594 447 733 514 adhibuit
744 445 795 530 ¹);
814 445 865 509 sin
883 449 989 506 sutem
1007 450 1133 504 suorum
1146 432 1238 517 quis-

1 564 5 602 l
90 548 176 630 piam
200 543 312 607 eodem
341 542 506 604 nesciente
537 537 755 622 quodcumque
784 549 840 613 pro
870 526 1058 610 supradietis
1091 521 1238 602 capitulis

2 651 3 686 l
87 627 309 712 accipiendum
340 628 401 690 sibi
432 644 507 688 esse
538 623 728 702 crediderit,
759 619 788 680 si
817 615 983 697 presbyter
1012 616 1065 673 cst
1096 609 1187 670 trium
1201 603 1238 684 ²)

1 738 4 777 t
91 717 246 780 mensium
271 711 592 777 excommunicatione
616 709 789 790 plectatur,
817 701 847 764 si
871 700 1022 762 diaconos
1050 701 1183 776 quatuor
1192 689 1240 771 ⁸),

2 825 3 852 l
89 802 302 866 subdiaconus
315 817 393 860 vero
404 797 458 860 vel
471 797 605 860 clericus
624 794 674 856 hic
695 785 917 872 cupiditatibus
938 783 1082 846 serviens
1102 787 1137 841 et
1149 795 1240 842 com-

91 887 214 972 petenti
230 887 363 949 verbere
384 892 418 946 et
438 882 544 946 debita
555 879 590 960 ⁴)
610 873 931 942 excommunicatione
950 864 1138 952 plectendus
1158 869 1220 927 est.

179 1054 301 1118 Multae
321 1071 416 1136 super
434 1052 498 1116 boo
515 1051 685 1132 capitulum
704 1053 825 1129 patrum
837 1039 872 1122 ⁴)
891 1037 1069 1107 sententiae
1087 1049 1242 1100 mmave-

88 1149 188 1224 runt,
211 1142 401 1204 scilicetne
428 1137 693 1219 inappretiabilem
722 1130 825 1195 sancti
850 1127 978 1208 spiritus
997 1123 1131 1208 matiam
1151 1119 1244 1184 donis

92 1228 151 1290 vel
170 1227 347 1289 muneribus
366 1225 438 1306 quis
458 1225 605 1286 aestimet
618 1221 652 1301 ⁴)
675 1213 922 1299 conparandam.
962 1209 1045 1291 Sed,
1075 1205 1160 1290 quod
1178 1219 1242 1268 non

94 1313 167 1376 sinc
186 1313 277 1396 gravi
298 1311 403 1374 dolore
423 1297 588 1372 dicendum
609 1314 680 1387 est,
700 1310 816 1386 quanto
836 1300 918 1362 haec
936 1313 989 1359 res
1008 1293 1161 1377 frequenti
1182 1288 1244 1355 de·

95 1407 249 1462 coetorum
283 1405 335 1460 est
363 1395 588 1477 praeceptione
625 1391 799 1474 prohibita,
838 1391 925 1446 tento
959 1381 1052 1444 novis
1084 1375 1244 1442 fraudibus

94 1483 300 1567 cognoscitur
324 1482 456 1561 iterata,
484 1479 557 1542 dum
584 1478 635 1554 hi,
665 1476 719 1559 qui
743 1474 799 1536 tali
823 1470 924 1553 pretio
948 1467 1080 1530 macari
1106 1465 1246 1552 nituntur

97 1570 231 1652 gratiam
251 1568 378 1648 spiritus
398 1567 501 1629 sancti
522 1573 578 1628 aut
598 1560 798 1626 ordinationis
818 1575 896 1618 suae
909 1551 963 1634 ²),
989 1560 1130 1632 temporo
1147 1566 1245 1630 prae-

99 1655 230 1716 veniunt
248 1671 385 1733 munere,
406 1659 461 1714 aut
480 1659 555 1733 post
574 1655 740 1730 acceptum
759 1645 907 1707 honorem
927 1639 1112 1720 promissum
1124 1632 1158 1712 8)
1177 1632 1246 1696 suis

101 1739 265 1803 conferunt
293 1737 517 1818 apparitoribus
529 1735 564 1816 ⁴)
590 1735 692 1816 turpis
716 1731 793 1794 lucri
815 1725 1002 1790 mercedem.
1041 1723 1084 1784 Et
1108 1717 1180 1782 ideo
1208 1725 1247 1780 ut

99 1824 209 1886 horum
236 1831 269 1885 et
296 1825 439 1885 similium
465 1829 714 1904 argumentorum
736 1817 887 1893 deinceps
912 1815 1087 1891 amputetur
1107 1805 1246 1884 occasio,

99 1909 163 1972 hoc
189 1917 301 1972 sancta
326 1909 468 1992 synodus
494 1907 650 1988 delinivit,
676 1911 713 1965 ut
734 1919 806 1966 cum
825 1899 959 1980 quisque
977 1891 1155 1976 pontificale
1176 1889 1248 1954 cul·-

89 2013 171 2057 'men
203 2004 276 2056 ante
302 1994 417 2056 domini
443 1995 541 2055 altare
560 1999 766 2074 percepturus
787 1983 974 2061 accesserit,
1000 1976 1188 2042 sacramenti
1207 1993 1248 2038 se

98 2083 261 2143 taxatione
281 2079 457 2164 adstringat
468 2079 532 2159 ¹⁰),
545 2077 629 2160 quod
649 2094 704 2157 pro
723 2067 911 2136 conferenda
931 2065 992 2128 sibi
1009 2061 1250 2128 consecratione

99 2167 225 2228 honoris
245 2167 318 2230 nulli
337 2183 493 2247 personae
508 2163 675 2244 cujuslibet
693 2157 822 2241 praemii
837 2154 1033 2218 collationem
1044 2150 1098 2211 vel
1114 2143 1249 2230 jam⁴⁴)

100 2250 310 2330 dedisset12)
336 2252 390 2312 vel
420 2249 586 2332 aliquando
615 2247 656 2310 ad
682 2247 816 2308 firtumm
840 2241 915 2304 dare
939 2243 1102 2319 procuret,
1137 2234 1250 2313 sicque

102 2345 159 2399 aut
184 2335 317 2397 mundus
343 2337 382 2397 ab
403 2336 465 2398 hoc
485 2335 633 2417 contagio
653 2328 853 2413 praelationis
873 2321 1140 2387 consecrationem
1160 2317 1251 2382 acci·-

102 2423 185 2502 piat,
220 2428 275 2482 aut
308 2421 476 2500 implicitus
508 2421 582 2483 huic
617 2417 730 2481 sceleri
754 2411 923 2476 manifeste
949 2407 1119 2470 denotatus
1144 2420 1251 2467 coram

92 2507 244 2570 ecelesia
257 2504 311 2584 13)
338 2506 378 2568 ad
404 2507 569 2588 honorem,
598 2522 692 2587 quem
719 2498 850 2563 mercari
876 2494 991 2573 voluit,
1016 2509 1079 2554 non
1106 2486 1250 2552 accedat.

105 2592 180 2654 illos
200 2599 307 2654 tomen
320 2591 384 2673 ¹⁴),
406 2609 486 2672 quos
506 2591 657 2671 deinceps
676 2595 751 2670 post
771 2575 1060 2668 praelationem¹⁴)
1079 2594 1135 2656 per
1155 2591 1252 2656 prac-

104 2679 199 2742 mium
220 2677 378 2739 ordinatos
395 2676 495 2739 fuisse
514 2677 650 2758 patuerit
665 2675 724 2737 sub
738 2669 873 2734 definitis
892 2662 1105 2748 poenitentiae
1125 2660 1253 2743 legibus

90 2771 141 2826 ut
160 2781 237 2825 vere
260 2763 448 2825 simoniacos
470 2763 509 2824 ab
530 2761 670 2824 ecclesio
689 2753 883 2840 separandos
909 2767 983 2812 esse
1010 2763 1192 2825 censemus,
1218 2742 1253 2806 id

105 2856 174 2930 est,
204 2857 241 2910 ut
266 2849 395 2910 duorum
423 2865 571 2910 annorum
593 2847 697 2928 spatio
719 2843 811 2904 exilio
831 2835 965 2920 relegati
985 2841 1018 2896 et
1037 2832 1134 2914 digna
1153 2831 1254 2894 satis-

89 2935 251 2998 ·faetionis
270 2933 323 2994 vel
351 2933 681 2996 excommunicationis
700 2926 860 2991 sententia
881 2919 1010 2986 coerciti
1029 2917 1156 2982 honoris
1176 2935 1255 3000 gra-

107 3019 197 3100 dum,
225 3037 317 3099 quem
336 3019 482 3098 praemiis
504 3026 659 3100 emerant,
685 3014 833 3096 lacrymis
854 3006 1035 3089 conquirere
1056 3010 1091 3064 et
1109 3019 1255 3082 reparare

105 3103 286 3166 intendant:
317 3103 401 3164 unde
421 3105 449 3166 si
471 3102 567 3186 digna
588 3121 645 3166 eos
664 3099 842 3164 satisfactio
862 3089 1073 3176 poenitentioe
1094 3105 1261 3151 commen-

109 3189 252 3270 daverit,
289 3197 419 3270 peracto
456 3189 593 3252 indictae
623 3186 837 3270 poenitentiae
869 3189 1009 3258 tempore
1038 3193 1101 3236 non
1135 3179 1257 3236 tantum

91 3275 329 3356 communioni,
351 3275 410 3337 sed
431 3283 465 3336 et
484 3275 554 3338 loco
575 3281 609 3336 et
629 3273 726 3335 totius
747 3267 862 3332 ordinis
882 3261 1006 3343 officiis,
1026 3279 1046 3322 s
1067 3258 1179 3342 quibus
1199 3274 1258 3320 se-

107 3360 351 3444 parati'iireiant
365 3359 437 3442 ¹⁴),
466 3357 661 3423 restaurandi
681 3362 764 3419 sunt.

195 3527 389 3610 Quamquam
411 3529 528 3612 omnis,
541 3527 602 3610 ‘qui
623 3528 722 3590 sacris
742 3520 936 3601 mancipatur
955 3511 1132 3594 ordinibus,
1159 3527 1259 3574 cano-

110 3613 193 3676 nicis
218 3615 336 3696 regulis
354 3623 499 3678 teneatur
519 3614 689 3677 adstrictus
702 3610 772 3692 Η),
802 3603 978 3687 expedibile
1004 3609 1109 3663 temen
1130 3604 1198 3676 cst,
1223 3601 1260 3657 ut

110 3698 323 3780 promissionis
343 3717 421 3762 suae
441 3708 518 3761 vota
539 3699 597 3761 sub
619 3697 765 3760 cautione
791 3691 981 3774 spondeant,
1008 3701 1089 3766 quos
1117 3681 1158 3744 ad
1183 3697 1260 3761 pro-

109 3785 255 3846 motionis
271 3783 387 3866 gredus
408 3785 628 3848 ecclesiastiea
647 3781 791 3864 provehit
803 3777 857 3856 ¹⁸)
875 3771 1055 3852 disciplina,
1074 3767 1157 3830 solet
1177 3763 1261 3829 euim

109 3871 183 3952 plus
211 3869 312 3932 timeri
345 3869 429 3953 quod
456 3868 656 3954 singulariter
679 3867 860 3949 pollicetur,
890 3875 984 3941 quam
1010 3851 1093 3938 quod
1119 3848 1261 3936 generali

147 4107 160 4144 ¹
194 4104 327 4172 “titfflvii
344 4101 372 4158 in
387 4121 423 4158 m·
437 4105 476 4158 Μ.
510 4134 545 4146 -
580 4103 611 4172 ²)
627 4109 738 4172 mrotoor
755 4099 784 4154 in
800 4113 836 4151 nr.
854 4095 892 4150 M.
925 4119 962 4132 -
996 4087 1026 4158 ⁸)
1042 4087 1122 4142 marm
1140 4084 1205 4140 ibid.
1223 4111 1261 4126 ·-

145 4178 161 4215 ⁴
192 4189 241 4241 pro
260 4177 411 4242 competenti
428 4191 511 4243 poete
527 4183 552 4228 et
569 4173 655 4227 debile
671 4171 736 4226 ibid.
765 4197 803 4209 -
838 4165 867 4234 ὅ)
886 4163 970 4216 Cone.
987 4158 1112 4212 Chalced.
1130 4173 1153 4210 o.
1166 4159 1192 4208 2.
1210 4159 1261 4208 etc.

145 4244 403 4366 ‘'Mitt-Mu
419 4273 456 4286 ··
504 4245 534 4313 ’)
551 4261 597 4365 tt
612 4245 652 4326 ¹⁸⁴·
691 4265 761 4360 ‘M
775 4223 1262 4368 s>,.)..„.,...,m

178 4349 374 4450 fflriopcotwr
387 4315 420 4438 ni
431 4330 573 4437 ffel}
589 4329 663 4450 “313¹
671 4327 807 4449 nilqusodo
823 4375 852 4428 in
867 4389 902 4425 m.
913 4371 952 4424 M.
974 4397 1012 4410 -
1042 4367 1092 4434 Η)
1108 4365 1207 4418 dedisse
1222 4365 1262 4416 Μ.

124 4451 176 4520 1⁸)
194 4460 240 4504 out
253 4454 386 4520 mittitote
400 4455 447 4507 boc
462 4455 557 4506 scelere
573 4453 708 4518 manifeste
724 4446 865 4500 denudatae
879 4456 968 4495 coram
983 4436 1091 4492 ecclesio
1106 4442 1147 4501 ct,
1165 4435 1199 4488 el.
1216 4439 1264 4486 oct

180 4536 229 4589 ptr
249 4521 370 4576 illicitum
391 4541 466 4578 rosum
486 4523 634 4590 impdcultts
653 4527 701 4573 ew.
723 4518 753 4570 in
768 4532 804 4568 ru.
819 4515 857 4568 M.
900 4537 937 4552 -
986 4507 1036 4575 ¹⁴)
1053 4512 1139 4558 atim
1153 4505 1192 4558 M·
1227 4529 1263 4544 -·

127 4590 403 4659 remarpmpg
438 4617 473 4634 ..
505 4587 729 4661 1⁶)fconth.
758 4613 795 4630 .-
826 4575 1263 4650 inemundatum-oisc..

180 4667 318 4717 ineantur
333 4664 454 4717 adstricti
469 4663 507 4717 Μ.
541 4689 579 4702 -
614 4659 664 4730 ¹⁸)
681 4655 774 4727 probet
790 4654 819 4707 in
835 4668 871 4706 nr.
886 4651 924 4703 M.
958 4667 994 4688 ··
