2916 5050
367 249 502 316 connn
522 247 746 316 necessus
767 247 1006 342 prmennna
1200 254 1266 322 rra

105 425 281 492 adventum
309 421 476 488 tractoriae
491 421 621 505 ,aliqum
641 421 855 500 necessitates
875 397 1005 506 repente
1027 387 1159 488 forsitan
1175 407 1265 491 ortuo

70 565 73 576 ,
107 515 233 596 luerint,
255 511 316 574 nisi
333 511 483 572 rationem
504 507 718 589 impedimenti
737 510 788 572 sui
808 509 892 592 apud
912 529 1003 574 snum
1015 511 1178 592 primatem
1191 511 1267 576 red·

107 599 259 680 diderint,
290 595 448 685 ecclesiae
467 612 546 657 suae
567 596 783 658 communione
805 596 921 658 debere
941 615 1018 672 esse
1037 605 1213 663 contentos.

451 694 625 760 LXXVII.
664 697 717 760 De
746 695 923 760 &esconia

195 783 245 846 De
273 779 448 844 Cresconio
470 781 693 865 Villamgiensi
726 779 788 844 hoc
822 783 964 846 omnibus
990 783 1094 847 visum
1123 791 1197 866 est,
1227 792 1265 846 ut

107 870 181 932 hinc
195 867 228 946 ι)
250 885 375 948 quoque
396 867 518 946 primati
538 867 704 930 Numidiae
726 868 891 950 intimetur,
912 886 974 951 qun
996 879 1172 953 cognoscat
1192 887 1265 932 me*-

108 963 262 1016 moratum
284 951 491 1016 Cresconium
511 953 637 1034 scriptis
657 953 724 1016 suis
745 955 994 1016 conveniendum
1014 975 1107 1038 esse,
1135 962 1171 1016 nt
1188 974 1265 1034 pro-

109 1041 194 1101 ximo
221 1037 391 1098 universali
411 1037 560 1100 Africano
587 1040 718 1100 concilio
745 1057 835 1100 suam
856 1041 1065 1119 praesentiam
1086 1057 1148 1104 non
1168 1039 1265 1102 diffe-

110 1131 160 1186 rat
181 1123 337 1184 exhibere.
380 1119 472 1198 Quod
502 1123 530 1184 si
557 1124 666 1186 venire
691 1126 935 1207 contempserit,
963 1127 995 1188 in
1021 1145 1060 1188 se
1089 1133 1265 1208 cognoscat

110 1209 298 1286 sententiam
319 1207 574 1290 promulgandam
587 1207 631 1287 ²).

228 1307 419 1372 LXXVIII.
441 1309 493 1372 Dc
511 1308 645 1372 ecclesia
666 1307 920 1390 Hipponiensium
940 1305 1158 1375 Diareicmm.

195 1391 321 1456 Rursus
346 1395 482 1475 placuit,
515 1406 551 1456 ut
580 1393 724 1475 quoniam
751 1393 999 1472 Hipponensium
1024 1393 1265 1474 Diaretorum³)

110 1479 269 1542 ecclesiae
291 1479 452 1541 destitutio
472 1499 535 1541 non
556 1488 607 1540 est
627 1477 743 1538 diutius
763 1476 970 1559 negligenda,
992 1485 1025 1538 et
1044 1481 1201 1541 ecclesiae
1222 1481 1264 1542 ibi

111 1567 152 1628 ab
173 1565 223 1626 his
242 1565 427 1645 retinentur,
454 1566 507 1646 qui
527 1561 701 1646 Equitiiq'
714 1563 919 1624 facinorosam
939 1565 1184 1626 communionem
1204 1564 1265 1628 de·

113 1651 329 1729 elimaverunt,
361 1650 467 1712 missis
496 1669 539 1710 ex
575 1649 735 1728 praesenti
770 1647 902 1709 coneilio
932 1647 1092 1728 episcopis
1126 1649 1263 1733 Regino,

113 1735 231 1816 Alypio
243 1733 275 1813 5)
282 1779 292 1814 ,
325 1733 525 1816 Augustino,
554 1735 723 1813 Materno,
753 1733 911 1813 Theasio,
938 1731 1078 1817 Evodio,
1104 1735 1264 1818 Placiano,

113 1821 254 1899 Urbano,
276 1819 420 1902 Valerio,
447 1820 611 1899 Ambivio,
638 1817 827 1899 Fortunato,
854 1815 1089 1900 Quodvultdeo,
1116 1821 1264 1901 Honorio,

71 1974 73 1978 ,
111 1906 278 1986 Januario,
298 1906 400 1985 Apto,
427 1905 606 1984 llouorato,
627 1896 793 1983 ¹Ampelio,
819 1903 1015 1984 Victoriano,
1040 1905 1206 1988 Evangelo
1231 1915 1266 1968 et
1295 1963 1298 1968 ,
1377 1898 1388 1920 “

111 1991 308 2074 Rogatiano,
337 1992 503 2052 conventis
532 1997 565 2051 et
593 1989 743 2050 correctis
769 1988 819 2049 his
844 1988 898 2068 qui
924 1989 1077 2068 culpabili*
1093 1992 1266 2070 pertinacia

111 2078 218 2160 lugam
246 2075 388 2156 ejusdem
415 2076 532 2157 Equitii
561 2073 789 2154 expectandam
820 2074 972 2152 putabant
984 2115 994 2154 ,
1029 2093 1101 2137 oum
1130 2078 1265 2140 omniunt

5 2225 6 2232 χ
112 2172 188 2224 voto
211 2162 259 2223 eis
281 2163 452 2242 episcopus
473 2161 639 2222 ordinetur.
671 2159 729 2221 Sin
750 2167 855 2220 autem
873 2159 915 2218 illi
935 2177 1047 2238 pacem
1068 2161 1265 2226 considerare

113 2248 266 2308 noluerint
272 2291 283 2328 ,
311 2267 373 2308 non
394 2246 564 2326 impediant
584 2246 616 2306 in
637 2243 782 2327 eligendo
804 2244 844 2308 ad
866 2243 1067 2308 ordinandum
1087 2249 1265 2328 praeposito

112 2334 277 2394 utilitatem
299 2339 385 2393 tanto
407 2341 547 2412 tempore
567 2327 724 2392 ecclesiae
747 2329 926 2390 destitutae.

135 2430 293 2496 LXXIX.
324 2431 376 2494 De
398 2432 541 2508 clericis,
564 2433 620 2514 qni
641 2431 730 2492 intro
752 2449 870 2492 annum
890 2450 1019 2494 caueam
1039 2451 1130 2496 auom
1149 2423 1246 2518 agere

332 2531 339 2552 ‘
538 2537 602 2578 non
624 2517 842 2598 procurarint.
1044 2593 1046 2600 Ι

200 2597 323 2662 Rursus
352 2601 554 2662 constitutum
582 2609 653 2681 est,
686 2607 722 2661 ut
749 2599 872 2680 quoties
898 2597 1020 2661 clericis
1048 2601 1204 2663 convictis
1232 2609 1267 2666 et

114 2685 272 2748 confessis
297 2685 329 2746 in
355 2687 459 2766 aliquo
484 2687 612 2750 crimine
638 2685 691 2745 vel
715 2693 840 2764 propter
866 2701 987 2764 eorum,
1014 2703 1143 2765 quorum
1170 2705 1267 2774 vere-

113 2771 247 2834 cundiae
260 2768 294 2848 θ)
321 2773 459 2850 parcitur
483 2773 537 2832 vel
562 2778 688 2851 propter
714 2770 870 2832 eeclesiae
896 2771 1076 2850 opprobium
1102 2780 1157 2834 aut
1178 2773 1268 2836 inso-

113 2857 230 2918 lentem
261 2857 492 2918 insultationem
524 2857 751 2918 haereticorum
784 2863 878 2935 atque
909 2857 1094 2938 gentilium,
1128 2858 1156 2918 si
1187 2859 1267 2920 forte
1318 2895 1323 2910 ι

113 2961 232 3004 causae
263 2959 341 3002 suae
369 2941 485 3006 adesse
512 2943 667 3003 voluerint
695 2949 728 3000 et
754 2941 961 3001 innocentiam
992 2959 1081 3002 suam
1112 2961 1266 3024 asserere,

114 3027 195 3087 intra
216 3032 338 3086 annum'
351 3027 679 3089 excommunicationis
699 3026 760 3087 hoc
781 3027 914 3107 faciant,
942 3026 970 3086 si
995 3043 1072 3088 vero
1099 3028 1179 3089 intra
1207 3047 1268 3090 an-

101 3105 190 3173 'num
216 3127 345 3173 oausam
374 3129 462 3172 suam
488 3131 623 3195 purgare
655 3111 916 3191 contempserint,
946 3111 1030 3174 nulla
1062 3131 1168 3176 eorum
1201 3133 1267 3175 vox
1333 3135 1337 3139 ·

117 3204 233 3276 postea
252 3197 378 3274 penitus
398 3197 549 3258 audiatur.

157 3293 298 3360 LXXX.
325 3296 368 3358 Ut
383 3299 423 3360 de
438 3297 545 3360 alieno
566 3295 759 3358 monasterio
779 3301 924 3376 suscepto
945 3313 1004 3356 nec
1019 3299 1224 3380 praepositos

81 3383 86 3388 '
322 3385 528 3460 monosterii,
554 3401 613 3443 nec
635 3380 763 3442 clericor
784 3379 882 3441 liccat
903 3381 1061 3443 ordinare.

198 3466 277 3526 ltem
298 3465 428 3547 placuit,
443 3477 479 3530 ut
493 3469 522 3530 si
538 3468 608 3548 quis
624 3467 664 3527 de
681 3467 808 3526 alterius
829 3469 1016 3528 monasterio
1038 3477 1222 3548 susceptum
1233 3467 1268 3547 ⁹)
1376 3475 1379 3480 '

116 3549 171 3610 vel
200 3549 241 3610 ad
268 3551 446 3612 clericatum
472 3570 656 3633 promovere
682 3551 830 3632 ¹voluerit,
859 3553 912 3612 vel
940 3551 972 3613 in
998 3571 1057 3614 suo
1078 3556 1268 3616 monasterio

115 3631 266 3718 majorem
291 3637 468 3698 monasterii
496 3637 691 3700 constituerit
705 3635 757 3717 ὅ),
787 3637 956 3717 episcopus
983 3639 1037 3718 qui
1060 3637 1123 3700 hoe
1147 3639 1267 3720 fecerit,

116 3737 138 3780 a
158 3725 331 3780 ceterorum
351 3724 564 3784 communione
585 3721 749 3800 sejunctus
768 3739 848 3783 suae
870 3731 990 3784 tantum
1008 3721 1109 3804 plebis
1126 3742 1269 3785 commu-

114 3803 208 3864 nione
237 3813 403 3868 contentus
429 3809 487 3888 sit,
515 3815 561 3868 et.
576 3805 627 3867 ille
656 3823 759 3886 neque
785 3806 920 3870 clericus
945 3825 1048 3888 neque
1069 3810 1268 3890 praepositus

207 3905 231 3946 v

113 3897 307 4036 PXXXXX
322 3972 374 4038 De
395 3977 562 4057 episeopis,
586 3973 641 4075 poi
663 3971 839 4075 {rummiens
860 3975 912 4038 eol
925 3993 1074 4058 paganos
1095 3970 1246 4039 lenercdm

198 4140 278 4202 item
299 4143 503 4205 constitutum
523 4063 814 4226 est,miriwgimriuis
837 4144 1006 4224 episcopus
1030 4139 1183 4202 haeredes
1205 4157 1268 4200 err-

113 4231 240 4288 trrureos
260 4243 281 4289 n
302 4229 576 4311 consanguinitate
596 4245 658 4292 sua
677 4229 731 4290 vel
752 4229 941 4292 lueretices
957 4227 1053 4288 etiam
1073 4225 1268 4308 consongui÷

149 4407 177 4472 1)
196 4408 256 4462 Hoc
275 4415 317 4461 est
334 4412 366 4463 de
382 4410 431 4461 loe
447 4425 484 4462 re.
509 4409 593 4463 Hard.
627 4440 662 4452 -
707 4409 737 4476 ²)
754 4409 789 4461 cf.
808 4410 890 4462 Cone.
908 4408 997 4462 Carth.
1012 4411 1057 4462 lll.
1082 4425 1105 4462 c.
1123 4406 1167 4460 38.
1203 4434 1239 4445 -

148 4477 179 4542 ⁸)
197 4477 256 4530 Pro.
270 4480 477 4546 unanimorum.
506 4479 588 4532 Hand.
628 4507 664 4520 -
714 4481 744 4546 ⁴)
762 4480 883 4546 Aequitii.
914 4477 997 4531 Hand.
1031 4507 1067 4520 -·-
1098 4478 1142 4545 ,8)
1161 4476 1267 4543 Δῖίρρίο

179 4547 265 4601 Hand.
290 4577 327 4589 -
362 4547 393 4616 ὅ)
410 4556 517 4617 propter
533 4564 620 4602 eorum
636 4549 812 4601 uerecundiam
828 4548 860 4600 0.
877 4548 955 4618 Hisp.
971 4578 1007 4590 ·-
1022 4549 1109 4602 Locus
1127 4551 1268 4612 corruptos

146 4615 174 4680 ΙΙ)
190 4624 321 4684 repertum
338 4617 370 4668 C.
390 4617 467 4687 Hisp.
500 4643 535 4659 -
576 4619 605 4683 ὓ)
624 4619 777 4671 caeninam
793 4617 825 4668 C.
838 4617 914 4685 tlirp.
950 4643 986 4656 —
