2916 5050
6 4647 14 4698 't

354 253 574 322 cunctatum
596 256 935 327 annumeratum
957 262 994 328 ll.
1186 259 1248 329 ltu

182 511 327 574 Aurelius
342 511 374 589 ¹)
394 514 563 594 episcopus
583 513 680 579 dixit:
701 516 739 580 st
754 517 922 598 nusquam
943 518 974 578 in
995 515 1132 596 periculo
1153 515 1266 580 ltrerit-

83 597 288 660 constitutus
316 605 414 659 etse
441 599 636 662 reconciliari
651 600 686 679 ²)
721 601 835 665 divinis
868 602 1016 666 duobis
1044 601 1184 681 petierit,
1216 601 1245 662 ai

83 683 268 764 episcopus
287 681 405 744 absens
429 683 536 766 fuerit,
565 684 661 748 debet
680 687 788 768 utique
809 688 973 769 presbyter
992 685 1156 750 coraulero
1175 685 1245 764 epi-

83 787 246 850 scopum,
267 776 302 832 et
322 769 371 831 sic
392 769 617 849 periclitantem
637 770 707 852 ejus
726 781 894 854 praecepto
915 772 1130 836 reconciliare:
1152 787 1263 851 quam.

4 925 5 936 γ
83 873 159 919 rem
198 853 350 916 debemus
384 854 499 918 salubri
534 857 665 920 concilio
680 855 715 936 8)
747 859 952 922 corroborare.
1004 856 1056 918 Ab
1090 854 1263 918 universis.

4 951 5 958 *
87 939 257 1020 episcopis
277 938 394 1002 dicurm
415 948 467 1002 est
484 962 491 1002 :
510 940 637 1024 Placet,
659 941 743 1026 quod
763 944 917 1008 sanctitas
937 950 1045 1006 vestra
1065 941 1264 1007 necessario·

87 1044 154 1090 nos
174 1026 328 1088 instruere
343 1024 479 1108 dignata
499 1035 558 1088 est
651 1109 683 1174 V

63 1251 72 1263 ,
181 1193 274 1255 Felix
295 1194 464 1274 episcopus
482 1157 740 1262 selemselitanus
761 1195 860 1259 dixit:
879 1199 993 1279 Etiam,
1014 1199 1043 1260 si
1063 1196 1125 1260 boc
1142 1195 1246 1278 pla'cot

90 1279 260 1344 sanctitati
276 1287 414 1360 vestrae,
436 1279 567 1360 insinno,
587 1289 623 1345 ut
643 1281 819 1364 dioeceses,
840 1301 920 1366 quae
941 1301 1098 1364 nunquam
1117 1283 1246 1362 cpisco-

91 1385 155 1448 pos
184 1372 373 1444 acceperunt
386 1364 435 1446 ⁴),
467 1383 529 1426 non
555 1365 713 1449 habeant,
747 1376 780 1430 et
813 1368 866 1430 illa
895 1367 1052 1432 dioecesis
1078 1383 1160 1448 quae
1186 1366 1246 1428 ali·-

92 1449 222 1533 quando
256 1449 383 1531 habuit,
414 1449 530 1512 habeat
556 1453 731 1546 proprium:
767 1461 800 1516 et
831 1453 859 1515 si
891 1453 1064 1516 accedente
1097 1459 1260 1531 tempore,
1311 1466 1324 1486 ‘

93 1543 264 1599 crescente
288 1533 361 1616 lide,
382 1533 433 1596 dei
454 1535 587 1616 populus
606 1534 830 1617 multiplicatus
850 1537 1074 1600 desideraverit
1093 1535 1246 1616 proprium

93 1623 215 1684 habere
234 1628 402 1702 rectorem,
425 1618 495 1700 ejus
511 1620 544 1700 ὅ)
572 1621 722 1684 videlicet
740 1623 902 1686 voluntate
924 1625 956 1685 in
977 1613 1067 1704 cujus
1079 1619 1272 1702 'potestate-

95 1715 152 1768 est
173 1705 330 1768 dioecesis
351 1707 539 1788 constituta,
565 1707 683 1770 babeat
708 1707 897 1790 episcopum.
939 1707 1121 1773 Secundum
1140 1715 1245 1768 autem
1277 1768 1280 1772 ,

94 1793 182 1854 banc
201 1793 451 1872 prosecutionem
468 1789 503 1870 ⁶)
533 1794 688 1856 sanctitas
707 1803 816 1872 vestra
837 1793 983 1856 aestimet
999 1793 1052 1874 l),
1085 1791 1159 1873 quid
1180 1790 1246 1855 lieri
1318 1869 1323 1878 ι

96 1879 223 1942 debeat.
264 1873 429 1940 Genedius
448 1877 618 1958 episcopus
639 1877 736 1943 dixit:
770 1879 806 1942 Si
831 1879 937 1960 placet
957 1879 1123 1940 insinuatio
1144 1877 1246 1938 fratris

89 1972 132 2047 et
153 1961 335 2044 coepiscopi
354 1962 453 2042 nostri
471 1959 605 2044 Felicis,
635 1963 674 2026 ab
695 1965 836 2028 omuibus
856 1962 1060 2028 confirmetur.
1103 1963 1154 2026 Ab
1173 1962 1246 2026 uni-

91 2049 202 2116 uersis
222 2047 380 2130 episcopis
401 2046 517 2128 dictum
539 2057 611 2116 est:
640 2049 760 2114 Placet

186 2251 351 2316 Numidius
371 2253 540 2332 episcopus
561 2253 789 2336 Massylitanus
806 2254 840 2332 ⁸)
863 2251 961 2313 dixit:
987 2252 1156 2313 Praeterea
1176 2257 1249 2310 sunt

103 2337 336 2422 quam-plurimi
354 2356 417 2400 non
437 2337 539 2400 bonae
560 2339 816 2418 conversationis,
841 2339 896 2422 qui
917 2336 1097 2399 existimant
1116 2333 1257 2415 majores·

104 2433 180 2486 natu
206 2423 259 2484 vel
286 2423 455 2503 episcopos
483 2423 603 2504 passim
628 2442 775 2506 vageque
803 2419 835 2485 in
863 2421 1096 2488 accusationem
1111 2420 1145 2497 ⁰)
1178 2421 1258 2500 pul-·

103 2508 244 2590 sand0s3
277 2508 391 2570 debent
421 2515 486 2569 tam
517 2509 609 2570 facile
637 2508 757 2572 admitti
773 2509 827 2588 ¹⁰)
861 2500 991 2569 necne‘l
1032 2505 1177 2568 Aurelius
1196 2505 1251 2581 ¹¹)

104 2593 389 2677 episcopusdixit:
420 2593 532 2659 Placet
551 2611 628 2676 ergo
649 2595 770 2656 caritati
790 2602 928 2673 vestrae,
948 2600 984 2652 ut
1005 2592 1041 2670 is,
1065 2591 1116 2671 qui
1138 2590 1259 2668 aliqui--

105 2685 164 2745 bus
192 2680 363 2742 sceleribus
382 2678 436 2756 ¹²)
460 2679 596 2740 irretitus
623 2688 692 2760 est,
723 2681 850 2750 voctm¹
864 2677 1018 2739 adversus
1043 2673 1177 2754 majores
1195 2675 1257 2750 ¹³)

106 2779 180 2832 natu
200 2785 263 2828 non
282 2763 399 2826 babeat
418 2757 614 2827 accusandi?
635 2765 686 2826 Ab
707 2764 861 2826 universis
882 2761 1040 2842 episcopis
1055 2759 1172 2824 dictum
1185 2767 1250 2822 est:

106 2854 140 2916 Si
160 2851 346 2916 criminosus
367 2857 433 2930 est,
453 2867 515 2914 non
532 2848 586 2928 ¹⁴)
613 2849 808 2932 admittatur,
831 2848 972 2912 omnibus
991 2845 1105 2928 placet
1177 2849 1179 2854 '

190 3052 285 3116 Felix
305 3045 472 3132 episcopus
493 2967 752 3116 selemselffius
771 3053 825 3131 ¹⁵)
846 3053 945 3116 dixit:
973 3051 1050 3114 Illud
1068 3057 1172 3112 autem
1192 3066 1254 3108 ve-

109 3151 192 3204 strae
213 3153 352 3220 suggero
376 3136 557 3217 sanctitati,
585 3146 621 3199 ut
641 3139 669 3200 si
691 3137 814 3222 qui10)
841 3158 896 3220 pro
918 3137 1105 3200 facinoribus
1124 3135 1192 3194 suis
1213 3131 1255 3193 de

110 3225 245 3290 ecclesia
261 3222 424 3304 pelluntur,
445 3222 816 3299 etansifuerintud1')
837 3224 1016 3285 comitatum
1037 3238 1179 3302 pergere,
1200 3225 1255 3278 aut

112 3313 150 3375 ad
172 3309 290 3390 judicia
317 3309 440 3388 publica
464 3301 626 3388 prosilire,
653 3317 707 3369 ant
739 3309 867 3370 forsitan
897 3308 1053 3370 eeclesiae
1079 3303 1254 3366 catholicae
1308 3356 1315 3359 .
1420 3365 1422 3374 ¹

112 3399 212 3459 limina
237 3394 442 3473 conturbare,
474 3394 510 3454 si‘
532 3394 702 3474 episcopus
725 3394 777 3456 vel
805 3395 938 3458 clericus
965 3391 1130 3472 cujuslibet
1154 3388 1254 3469 plebis

112 3501 169 3546 eos
194 3481 263 3542 sine
292 3494 449 3542 consensu
467 3477 521 3555 ¹⁸)
548 3479 724 3559 susceperit
743 3478 812 3560 ¹⁰),
847 3479 887 3542 de
915 3479 965 3540 his
992 3477 1066 3559 quid
1087 3467 1255 3554 censetis?

115 3565 285 3648 Epigonius
311 3565 478 3646 episcopus
508 3565 698 3627 Bullensium
724 3566 886 3661 regionum
900 3563 957 3645 ²⁰)
990 3563 1085 3629 dixit:
1120 3561 1156 3624 Si
1187 3559 1258 3642 quis

116 3721 310 3742 μ

152 3803 178 3868 ¹)
198 3799 330 3850 Geoecliur
347 3799 378 3852 C.
397 3801 471 3868 Hisp.
490 3829 525 3840 -
561 3799 590 3866 ²)
608 3801 774 3852 rmooctltare
787 3800 815 3850 in
829 3816 911 3864 marg.
923 3797 1017 3851 Menai.
1036 3827 1070 3839 -
1107 3796 1135 3862 θ)
1152 3793 1269 3854 coasilio,

182 3869 214 3922 C.
232 3868 308 3937 Hisp.
326 3870 398 3922 etin
417 3885 498 3934 marg.
516 3870 611 3922 Mami.
651 3898 687 3908 -
733 3870 762 3936 ⁴)
785 3869 925 3922 lrabuerrnrt
943 3867 974 3920 C.
992 3867 1067 3935 Hisp.
1086 3872 1114 3918 et
1129 3865 1158 3918 in
1176 3877 1258 3928 marg.

181 3937 275 3992 blansi.
309 3967 344 3978 ··-
407 3939 436 4005 ὅ)
462 3956 518 3992 crem
544 3939 599 4006 ejus
628 3939 659 3991 Ο.
688 3937 764 4005 Hisp.
809 3968 844 3998 -f
897 3938 926 4005 ⁸)
955 3937 1154 4006 propositionem
1182 3935 1215 3986 T.
1233 3935 1258 3984 2.

154 4013 180 4077 l)
196 4010 341 4060 sanctitatis
357 4014 456 4064 vestrae
472 4018 510 4062 eal
526 4011 664 4062 aestimare
677 4009 795 4075 &Hisp.
824 4037 859 4048 -
902 4009 932 4076 8)
947 4011 1130 4072 Mnnplitonos
1142 4002 1259 4084 G.Hisp.

183 4080 397 4134 Mrrsclinnitnnus
415 4077 442 4129 irr
460 4094 543 4144 marg.
559 4079 655 4131 Marini.
694 4108 730 4118 -
753 4119 755 4124 .
779 4079 807 4146 ⁹)
826 4081 853 4130 io
871 4080 1030 4130 causatione
1046 4077 1077 4132 G.
1095 4076 1170 4144 Hisp.
1189 4079 1216 4126 et
1233 4089 1263 4125 ιιι

184 4165 264 4214 marg.
282 4146 379 4198 Mansi.
420 4173 455 4186 -
505 4149 554 4215 1⁰)
577 4157 666 4200 eorrlm
682 4149 849 4216 apostolicum
870 4150 984 4214 rapulam
1002 4148 1061 4200 add.
1078 4145 1107 4198 in
1124 4160 1206 4209 marg.
1223 4143 1263 4196 M.

57 4219 67 4238 “
166 4223 210 4270 -et
227 4219 255 4270 in
272 4218 304 4269 G.
321 4215 397 4285 Hisp.
427 4245 463 4258 -
496 4219 545 4285 Η)
566 4219 701 4276 Genecliun
716 4218 780 4271 ibid.
810 4249 844 4258 —
877 4219 926 4287 Η)
942 4215 1116 4270 securioribus
1133 4216 1160 4266 in
1180 4229 1261 4277 marg.

132 4331 134 4343 .
184 4287 277 4342 blansi.
299 4317 335 4326 —-
364 4287 413 4354 ιθ)
431 4287 553 4356 mojorem
571 4289 690 4358 C.Hisp.
717 4319 752 4330 -—
779 4289 870 4354 1⁴)or
888 4305 937 4342 oon
954 4287 1036 4342 Hard.
1054 4285 1261 4354 etcflnp-

152 4360 198 4422 ¹³)
220 4359 250 4412 Iu
269 4375 321 4410 uno
340 4373 386 4408 rns.
404 4359 589 4410 Scacmlilnmu
610 4361 692 4412 Hard.
722 4359 941 4410 Selnrobinitonos
957 4357 984 4412 in
1003 4372 1086 4422 nrarg.
1104 4354 1198 4408 Menai.
1227 4381 1262 4391 -

151 4427 199 4494 Η)
216 4426 242 4478 bi
258 4429 302 4494 qui
320 4427 401 4479 Hard.
420 4432 447 4480 et
464 4429 495 4479 0.
514 4427 587 4496 Hisp.
611 4459 646 4470 -
680 4432 728 4496 Η)
746 4435 791 4479 ortt
808 4429 843 4480 od
860 4427 891 4495 C.
908 4427 988 4496 Hisp.·
1008 4455 1043 4468 -·
1078 4425 1126 4492 ιΒ)
1143 4425 1262 4476 Forsan:

163 4513 305 4550 ‘enmono
321 4499 363 4550 eui
377 4498 500 4563 episcopi.
531 4499 624 4552 blansi.
660 4524 694 4538 -=—
734 4497 782 4564 Ιθ)
810 4499 902 4550 lintion
924 4507 1052 4552 attenuare
1075 4498 1206 4564 episcopus
1223 4493 1263 4575 nel

185 4568 291 4648 clericas
307 4565 440 4690 cujuslibffit
458 4566 549 4648 plebis,
567 4570 598 4622 de
616 4569 655 4623 bia
672 4569 732 4638 qoud
749 4565 878 4620 cernetis?
903 4569 934 4626 O.
953 4568 1027 4637 llisp.
1052 4594 1087 4606 -
1112 4564 1163 4632 ²⁰)
1179 4578 1264 4628 repro-

184 4653 240 4690 rum
258 4653 285 4692 tn
303 4653 385 4705 marg.
433 4652 499 4694 aunt.
527 4660 562 4680 .„.
905 4649 909 4657 '
1232 4651 1235 4659 ’
