2928 5044
574 583 649 705 n.
708 617 759 706 s.

21 903 28 944 r
93 856 1272 984 Quaemtunmunitunnmmamn.

94 992 323 1068 siastica
348 995 424 1090 jam
455 990 493 1064 in
526 997 729 1092 prospectu
745 983 847 1088 quem
872 989 983 1064 edidit
1010 991 1055 1066 D.
1075 989 1274 1088 Auprntrn

94 1091 321 1188 Necndcr,
346 1092 403 1166 vir
427 1093 690 1168 illustrissimus
716 1099 822 1190 atque
847 1091 1187 1188 reverendissimus,
1212 1093 1272 1191 qui

95 1205 275 1272 nostrae
308 1217 417 1270 curae
447 1195 518 1270 lroc
548 1219 640 1295 opus
670 1191 949 1287 commendauit,
978 1195 1177 1270 luculenter
1201 1217 1271 1272 cx-

97 1298 284 1396 plicavit.
358 1295 488 1371 Restat
519 1303 677 1390 tautum,
717 1303 754 1370 ut
785 1295 937 1395 paucis,
969 1321 1069 1394 quam
1102 1297 1272 1373 rationem

97 1400 152 1472 in
184 1397 402 1496 colligendis
426 1397 483 1472 his
508 1394 773 1474 Canonibus
804 1398 922 1472 secuti
944 1397 1078 1491 simus,
1107 1421 1272 1497 expona-

100 1525 215 1576 mus.
247 1500 330 1574 Jam
349 1500 469 1598 itaque
494 1523 597 1597 quum
623 1502 667 1574 alr
689 1497 789 1575 initio
810 1497 950 1596 quidem
972 1499 1075 1574 nobis
1097 1499 1135 1572 iu
1157 1499 1272 1574 auimo

104 1609 246 1694 esset,
275 1625 432 1676 canones
461 1601 604 1675 non-uisi
629 1601 856 1676 conciliorum
883 1609 1041 1675 veterum
1067 1600 1271 1676 oecumeni-

108 1727 246 1803 corum
266 1725 455 1801 eorumque
477 1702 752 1801 provincialium,
771 1701 897 1799 quibus
924 1701 1106 1776 maximam
1130 1701 1273 1801 antiqua

12 1854 13 1880 r
111 1803 284 1880 ecclesia
317 1804 561 1879 auctoritatem
586 1804 768 1896 tribuerat,
790 1803 927 1900 eligere
943 1831 957 1894 ς·
986 1802 1129 1902 inipso
1154 1811 1271 1880 tamen

110 1903 417 2006 eligendiopere
441 1905 555 1981 satius
588 1905 624 1979 in
656 1904 735 1980 dies
763 1903 1022 1997 intelleximus,
1053 1904 1269 2003 integram

113 2031 298 2084 canonum
338 2007 664 2082 ecclesiasticorum
700 2013 860 2082 veterum
893 2006 1138 2080 collectionem
1169 2030 1268 2082 com-

114 2106 322 2210 ponendam
347 2131 445 2203 osse,
470 2134 561 2208 quae
586 2134 655 2183 nou
681 2108 796 2183 solum
821 2107 1083 2204 a'llreologis,
1109 2107 1155 2180 ad
1180 2133 1268 2206 pro-

116 2209 336 2285 movendum
380 2211 550 2286 historiae
613 2207 886 2286 ecclesiasticae
938 2217 974 2282 ct
1025 2209 1267 2306 arrtiquitatum

120 2309 406 2387 Christianarum
445 2311 622 2405 studium,
663 2309 729 2386 sed
763 2309 867 2384 etiam
898 2311 942 2384 ab
978 2307 1080 2384 lCtis
1104 2310 1268 2409 jamdiu

120 2413 322 2510 efflagitata
352 2421 419 2487 est.
481 2411 650 2487 Ceterum
689 2412 915 2508 gravissimis
947 2412 1068 2488 causis
1103 2417 1267 2490 commoti

16 2588 18 2599 ,
116 2514 160 2588 in
191 2514 261 2587 linc
297 2513 434 2589 saeculi
473 2513 613 2612 septimi
645 2515 875 2610 acquiescere
913 2513 1110 2606 voluimus,
1145 2523 1273 2615 utpote

117 2639 193 2714 quo
232 2615 379 2688 termino
415 2613 519 2686 etiam
554 2613 743 2710 antiquitas
781 2637 882 2710 quam
915 2614 1037 2687 dicunt
1062 2612 1269 2692 Christiana

116 2714 445 2793 circumscribendo
468 2712 619 2789 videtur.
669 2713 815 2790 Etenim
840 2714 924 2789 iude
947 2715 990 2788 ab
1016 2713 1086 2789 lroc
1109 2726 1268 2817 tempore

116 2842 255 2898 novam
288 2816 399 2892 ordiri
437 2840 555 2892 aeram
591 2814 832 2894 Christianam
866 2817 910 2890 iis
946 2818 1113 2916 probatur
1148 2820 1267 2916 lactis,

117 2943 215 3018 quae
247 2919 290 2992 ab
322 2917 421 2992 initio
455 2919 592 2992 saeculi
622 2918 741 2994 octavi
772 2917 875 2994 nobis
901 2926 1114 2994 occurrunt:
1146 2921 1179 2996 si
1204 2947 1265 2997 re-

118 3021 267 3120 spicere
291 3018 385 3094 velis
415 3026 487 3092 tum
511 3020 778 3096 controversias
805 3019 862 3094 de·
876 3021 1141 3096 simulacrorum
1167 3026 1278 3098 cultu·

117 3124 160 3198 in
211 3119 346 3195 oriente
393 3121 570 3215 obortas,
626 3129 698 3196 tum
745 3121 873 3196 itinera
921 3147 944 3196 a
989 3123 1031 3198 S.
1079 3125 1267 3202 Bonifacio

116 3223 169 3298 ad
217 3221 483 3321 propagandam
533 3221 659 3298 fidem?
689 3219 928 3306 Christianam
986 3224 1021 3295 in
1075 3223 1266 3302 Germania

116 3332 305 3421 suscepta,
330 3332 401 3396 tum
426 3320 577 3420 denique
603 3325 761 3399 Africam
788 3324 1064 3424 Hispaniamque
1088 3327 1124 3398 in
1150 3327 1266 3404 Sara-

108 3447 288 3524 ¹cenorum
323 3431 535 3523 potestatem
579 3424 759 3500 redactam
804 3430 861 3518 (a.
882 3424 956 3499 ⁷11
995 3428 1131 3525 proelio
1171 3429 1264 3530 apud

94 3525 250 3602 'Astam
268 3525 452 3624 regiam).
509 3527 676 3602 Ultimum
702 3527 819 3625 itaque
844 3528 880 3600 iu
905 3536 1029 3601 nostra
1054 3529 1266 3608 collectione

15 3636 20 3727 f
113 3633 234 3704 locum
257 3625 484 3701 obtinebunt:

17 3752 20 3775 ¹
219 3727 254 3800 in
281 3727 417 3802 oriente
442 3727 633 3803 concilium
655 3729 862 3802 Trullanum
887 3755 919 3802 a.
939 3728 1026 3822 692,

146 3921 149 3928 ¹
219 3828 256 3900 in
280 3827 456 3927 Hispania
481 3829 668 3905 concilium
688 3830 900 3904 Toletanurn
914 3829 1037 3903 XVll.
1062 3830 1191 3925 acet,

221 3928 259 4001 in
284 3929 404 4003 Gallia
428 3930 613 4005 concilium
639 3930 970 4028 Augustodunense
995 3957 1027 4005 a.
1047 3929 1133 4024 oto,

184 4097 189 4118 .
218 4028 255 4102 in
280 4029 418 4129 Arrglia
442 4033 627 4106 concilium
651 4033 1003 4130 Bergliamstedense
1030 4059 1063 4106 a.
1082 4033 1167 4107 6972
1239 4112 1242 4118 ,

172 4113 314 4206 Deinde
338 4132 431 4231 quod
457 4133 502 4206 ad
526 4141 647 4208 textus
672 4135 917 4209 recensionem
942 4137 1084 4228 attinet,
1118 4121 1268 4235 optimas

119 4253 280 4328 quasque
313 4257 357 4309 ac
389 4235 604 4310 novissimas
639 4234 814 4312 editiones
840 4237 966 4334 ubique
991 4237 1110 4312 secuti
1134 4263 1268 4334 sumus,

12 4362 20 4426 :2
120 4355 224 4428 quum
250 4333 397 4428 criticus
421 4343 612 4436 apparatus
640 4338 722 4412 talis
748 4339 849 4412 nobis
872 4337 967 4412 haud
988 4347 1134 4438 praesto
1154 4351 1267 4431 essct,

12 4435 20 4449 ”
121 4439 161 4506 ut
191 4439 326 4509 textum
357 4459 485 4518 norum
516 4438 609 4512 omni
634 4445 734 4536 parte
757 4439 1155 4532 emendatum-reddere
1179 4467 1268 4540 pos-

12 4529 14 4576 l
121 4543 253 4612 semus.
289 4533 454 4614 Concilio
475 4539 584 4637 igitur
601 4538 796 4633 Orientalia
822 4551 926 4638 atque
945 4541 1119 4618 Al'ricana
1143 4567 1164 4616 e
1191 4541 1270 4614 col·
