2916 5050
192 192 256 297 rra
444 186 637 286 sonuum
658 183 882 254 liccfflslatt
903 183 1114 280 ammon„

280 441 380 508 sinit
399 386 577 510 sententiae
597 353 973 526 ,ευῑιμξξὶιιᾞξιῖἰεωρυς
997 443 1026 507 st
1047 440 1156 508 sciens
1177 431 1357 502 ordinave-

196 531 236 596 rit
255 529 401 596 clericum
430 542 501 592 eum
507 572 517 611 ‚
551 527 605 612 qui
633 528 760 594 viduam
787 537 842 594 aut
871 527 1064 612 repudiatam
1089 543 1218 592 uxorem
1239 521 1358 612 babuit

197 624 252 682 aut
268 614 301 694 ¹)
320 611 501 680 secundun.
715 691 830 760 LXX‘

226 756 229 766 ⁵
281 779 426 846 Clericus
440 779 681 860 baereticorum
704 789 738 846 ot
751 779 786 862 ²)
815 779 1085 848 schismatioomm
1110 787 1175 847 tam
1203 773 1359 853 convivia

198 876 291 956 qiram
309 865 496 934 sodalitates
517 869 617 932 evitet
635 865 807 952 aequaliter
819 865 863 946 1).

282 1035 512 1102 Conveuticula
538 947 856 1102 baeredeorerXdu
884 1035 1023 1100 ecclesia
1038 1031 1089 1117 ⁴),
1117 1029 1177 1096 sed
1198 1027 1359 1092 concilia-

200 1125 272 1198 bula
292 1122 486 1206 appellantur
503 1117 545 1202 ³).
700 1197 847 1266 LXXIL

284 1287 365 1354 Cum
386 1287 555 1358 haereticis
576 1305 680 1376 neque
700 1287 857 1436 ffinffl
867 1303 971 1371 nequo
992 1283 1195 1370 psallendum.

285 1457 347 1538 Qui
364 1455 640 1522 communicaverit
657 1458 711 1520 vel
732 1415 867 1520 oraverit
888 1469 960 1518 cum
979 1454 1260 1552 excommunicato,
1281 1451 1360 1514 sive

201 1543 334 1610 clericus
354 1545 425 1610 sive
445 1543 562 1625 laicus,
588 1542 882 1609 excommunicetur.

696 1625 861 1692 LXXIV.

286 1709 330 1777 Ut
350 1710 502 1776 sacerdos
519 1709 743 1792 poenitentiam
762 1711 935 1794 imploranti
956 1709 1075 1794 absquo
1103 1724 1258 1788 personae
1294 1721 1358 1766 ac-

204 1799 349 1882 ceptione
370 1798 581 1882 poenitentiae
601 1797 694 1882 leges
704 1796 864 1946 XXXX&

288 1967 331 2031 Ut
351 1967 596 2050 negligentiores
616 1963 953 2116 poonffgmfvgardim
973 1963 1169 2046 recipiantur.

288 2135 338 2216 is,
363 2133 416 2218 qui
437 2135 660 2216 poenitentiam
680 2137 712 2202 in
732 2137 909 2202 infirmitate
923 2132 960 2215 ⁸)
981 2131 1080 2215 petit,
1109 2131 1138 2194 si
1159 2143 1253 2209 casu,
1280 2122 1355 2188 dum

205 2217 247 2282 ad
276 2237 348 2280 eum
374 2219 525 2284 sacerdos
551 2219 701 2284 irrrdtatus
720 2225 826 2306 venit,
854 2237 1026 2304 oppressus
1046 2215 1222 2278 infinalitate
1242 2213 1355 2274 obruu-

204 2305 299 2367 tuerit
324 2303 377 2365 vel
405 2305 437 2368 in
463 2303 641 2386 phrenesim
661 2325 775 2373 versus
802 2309 910 2392 doerit,
939 2304 1015 2370 dent
1042 2301 1274 2379 testimonium,
1302 2297 1355 2377 qui

205 2407 276 2452 eum
297 2387 460 2454 audieruut
477 2397 513 2454 et
531 2392 669 2472 accipiat
687 2394 919 2475 poenitentiam.
959 2389 1003 2454 Et
1028 2389 1058 2450 si
1085 2385 1230 2450 continuo
1250 2381 1355 2446 credi-

205 2482 254 2538 tur
278 2475 459 2558 moriturus,
490 2475 707 2544 reconcilietur
732 2497 790 2560 per
816 2495 928 2542 manus
947 2471 1175 2557 impositionem
1196 2476 1230 2530 et
1249 2467 1355 2530 infun-

204 2558 295 2621 datur
309 2557 355 2621 ori
375 2557 446 2640 ejus
464 2562 663 2626 eucharistia.
691 2561 729 2626 Si
749 2561 967 2646 supervixerit,
988 2557 1189 2623 admoneatur
1205 2573 1225 2617 a
1239 2571 1354 2634 supra-

203 2643 298 2708 dictis
318 2645 454 2708 testibus
479 2642 725 2728 petitioni'suoe
752 2647 968 2728 satisfactum,
997 2653 1031 2707 et
1052 2641 1201 2706 subdatur
1226 2637 1356 2720 statutis

199 2729 416 2810 'poenitentiae
443 2727 585 2814 legibus,
613 2731 758 2816 quamdiu
778 2731 946 2814 sacerdos,
973 2729 1027 2814 qui
1052 2723 1274 2810 poenitentiam
1295 2721 1355 2786 de-

205 2813 266 2927 dit,
294 2813 471 2894 probaverit
485 2813 528 2894 1).
596 2847 598 2854 -
693 2895 856 2964 LXXVII
984 2907 991 2913 ν

221 3047 225 3052 .
287 2975 508 3066 Poeuitoutes,
528 2984 632 3068 quiin
653 2979 828 3128 ἱυᾶηῖξὶιαιο
847 2991 939 3065 sunt,
956 2980 1107 3046 viaticum
1127 2977 1292 3060 accipiant.

288 3143 511 3231 Paestanas-,-
532 3150 585 3233 qui
606 3151 638 3212 in
658 3065 1003 3218 indmnyddond'ioucum
1024 3144 1233 3211 eucharistiae
1254 3161 1353 3208 acce-

205 3229 330 3332 perint&
348 3250 413 3332 nou
438 3250 477 3298 sa
503 3233 635 3300 credaut
660 3239 822 3318 absolutos
847 3237 917 3302 sina
946 3249 1059 3302 manus
1072 3232 1299 3318 impositione,
1325 3229 1354 3292 si

204 3326 443 3397 supervixerunt
581 3393 584 3396 .
788 3394 791 3399 .

696 3403 863 3470 LXXIX.
894 3426 897 3432 ·

179 3479 186 3487 '
287 3481 507 3564 Poeoitentes,
534 3486 587 3564 qui
608 3494 729 3551 attente
747 3473 841 3574 leges
860 3485 1072 3575 poenitentiae
1094 3487 1302 3565 exequuntur,
1324 3479 1353 3540 si

203 3579 282 3628 casu
307 3565 339 3629 in
366 3567 476 3632 itinere
502 3569 556 3630 vel
580 3569 613 3632 in
637 3573 715 3638 mari
738 3575 850 3638 mortui
877 3571 1011 3650 fuerint,
1043 3569 1097 3632 obi
1123 3567 1171 3631 eis
1196 3563 1355 3628 subveniri

202 3667 265 3738 11011
291 3649 393 3736 Possit
407 3651 463 3736 ⁸),
497 3654 645 3722 memoria
673 3673 780 3723 eorrmr
807 3668 841 3724 et
868 3655 1059 3726 orationibus
1086 3661 1121 3720 et
1146 3648 1352 3718 oblationibus

203 3737 444 3804 commendetur.

233 3834 237 3845 '
720 3822 842 3892 LXXX.

282 3899 541 3988 omnitempore
564 3904 673 3989 jejunii
700 3929 812 3976 manus
837 3908 1069 3995 poenitentibus
1096 3890 1351 3971 asacordotiboa

200 3986 395 4069 imponantur
409 3985 452 4070 ⁹).
646 4007 648 4012 ·

200 4157 399 4180 m

219 4250 265 4316 11)
281 4252 321 4304 oei
338 4251 370 4313 (l.
387 4252 463 4322 Hisp.
498 4281 533 4295 -
577 4253 607 4321 ²)
625 4257 665 4308 oet
682 4257 801 4330 cnsp.
841 4259 877 4307 ..’
910 4257 951 4326 ,1)
970 4271 1026 4324 cup
1043 4255 1105 4307 citet
1121 4252 1154 4306 0.
1170 4251 1247 4324 nup.
1281 4281 1315 4292 -

233 4319 264 4389 ⁴)
280 4336 330 4372 con
345 4323 465 4375 ecclesias
483 4357 552 4374 ....
570 4327 724 4391 appellando
748 4332 780 4384 C.
799 4329 848 4385 His
868 4368 875 4383 .
914 4353 949 4368 -·
1000 4325 1029 4394 1)
1054 4325 1162 4384 coecilia
1184 4323 1282 4378 diaboii
1298 4339 1345 4388 op·

238 4391 388 4457 ,pellendo
403 4391 432 4444 in
449 4404 532 4458 marg.
548 4391 644 4448 maort
678 4425 713 4440 -
758 4397 788 4466 1)
807 4402 833 4452 io
851 4397 899 4465 rol.
915 4396 1016 4464 porilrrr
1031 4395 1096 4462 petit
1113 4393 1144 4444 Ο.
1162 4389 1238 4462 Hirp.
1272 4419 1307 4431 ··
1336 4449 1338 4456 .

200 4497 201 4501 ,
234 4457 263 4524 1)
280 4457 435 4514 Rbeinwaid
452 4464 469 4514 l.
487 4477 511 4514 o.
528 4463 744 4532 pastinato.
779 4496 816 4508 Ὶ--
863 4468 898 4532 1)·
908 4467 993 4534 poterit
1011 4463 1041 4514 C.
1055 4463 1131 4532 Hisp.
1166 4489 1201 4502 -
1251 4461 1280 4530 ⁸)
1299 4461 1344 4512 im·

264 4539 375 4598 ponentur
393 4530 520 4600 C.Hiap.-
546 4559 580 4571 -
720 4561 723 4568 ·
956 4551 960 4558 ⁴
1300 4558 1301 4562 1
1335 4583 1339 4593 ‚
