2912 5060
358 145 608 285 accucurrit
632 199 904 274 romanarum
924 204 980 270 rv.
1028 173 1030 180 ’
1138 307 1141 316 f
1183 203 1247 276 arr

86 381 189 448 lentie
209 386 430 466 protegantur,
450 377 520 448 sive
539 375 680 446 instato
698 372 976 442 libertatiseomm
996 393 1055 442 seu
1075 377 1107 442 iu
1123 379 1248 464 peculio

86 469 176 553 qnod
197 468 315 532 habere
335 473 513 532 noscuntur.

599 562 744 626 LXXIII.

145 658 148 662 ’
181 652 378 736 Quicumque
394 654 603 717 libertatema
623 648 755 712 dominis
771 647 899 710 saisita
915 649 1099 732 percipiunt,
1119 660 1156 716 ut
1174 653 1249 717 nul·
1333 687 1335 690 -
1362 695 1366 702 .

89 742 157 804 lum
178 743 305 804 sibimet
324 741 356 800 in
378 739 426 801 eis
440 738 473 816 1)
502 735 686 816 obsequium
705 741 855 812 patronus
875 742 1028 815 retentet,
1056 735 1110 797 isti
1130 738 1159 799 si
1178 740 1248 802 sine

88 827 220 890 crimine
232 824 267 904 ²)
288 832 377 904 sunt,
404 822 449 886 ad
470 822 635 885 clericatus
656 817 794 880 ordinem
814 814 955 895 libere³)
981 817 1249 905 suscipiunturt),

88 911 165 992 qnia
186 909 307 972 directa
320 907 571 970 vmanumissione
589 903 724 966 absoluti
742 909 925 964 noscuntur.
953 899 1014 980 Qui
1029 923 1105 965 vero
1125 913 1248 972 retento

90 997 246 1076 obsequio
269 994 453 1056 manumissi
473 998 557 1071 sunt,
575 1007 633 1068 pro
655 1007 694 1049 eo
715 985 799 1068 quod
820 986 924 1049 adhuc
944 1005 965 1048 a
984 996 1114 1068 patrono
1127 988 1160 1067 ⁵)
1175 1009 1248 1054 ser-

88 1081 194 1142 vituti·
208 1081 357 1142 tenentur
373 1077 515 1159 obnoxii,
537 1075 714 1136 nullatanus
734 1080 808 1140 suut
829 1071 870 1134 ad
890 1071 1141 1136 ecclesiasticum
1162 1075 1248 1138 ordi-

10 1187 17 1200 *
90 1185 168 1227 nem
196 1164 415 1246 promovendi,
445 1182 487 1226 ne
515 1157 638 1244 quando
659 1157 813 1220 voluerint
842 1175 947 1219 eorum
969 1157 1083 1222 domini
1107 1159 1185 1224 fiant
1205 1178 1248 1230 ex

87 1251 217 1314 clericis
238 1249 331 1314 servi.
596 1321 736 1393 LXXIV

177 1420 228 1482 De
257 1419 381 1482 familiis
406 1415 565 1480 ecclesiae
592 1415 783 1490 constituere
810 1411 1012 1495 presbyteres
1039 1423 1072 1476 et
1099 1412 1258 1480 diacones

92 1525 151 1586 per
176 1507 343 1588 parochias
370 1505 485 1586 liceat,
514 1519 593 1584 quos
621 1509 726 1589 tamen
753 1497 841 1560 vitae
870 1498 1024 1561 rectitudo
1053 1508 1086 1562 et
1110 1502 1250 1581 probitas

94 1610 216 1654 morum
244 1588 456 1670 commendat,
484 1607 524 1649 ea
545 1595 650 1648 tamen
670 1585 808 1660 ratione,
837 1591 872 1644 ut
893 1593 987 1646 antea
1006 1587 1189 1648 manumissi
1208 1588 1250 1649 li-

96 1677 252 1738 bertatem
278 1684 382 1738 status
410 1676 459 1736 sui
484 1673 657 1754 percipiant
675 1677 719 1751 ii
745 1668 848 1730 denuo
867 1667 908 1732 ad
928 1670 1167 1734 ecclesiasticos
1187 1671 1249 1734 ho-

52 1820 55 1823 .
96 1781 192 1824 nores
217 1761 411 1824 succedant:
440 1757 646 1842 irreligiosum
667 1762 719 1816 est
740 1755 822 1814 enim
844 1754 1000 1836 obligatos
1019 1757 1157 1818 existere
1177 1777 1251 1821 ser-

95 1849 198 1908 vitute
208 1846 265 1927 ὅ),
305 1848 357 1927 qui
384 1845 468 1906 sacri
494 1844 611 1906 ordinis
641 1840 817 1919 suscipiunt
843 1839 1036 1922 dignitatem.
1091 1839 1251 1924 Quidquid

96 1942 202 1996 autem
231 1933 346 1994 talibus
371 1939 425 1992 aut
452 1949 509 2010 per
534 1929 710 1990 libertatem
737 1943 926 1987 concessrnn
958 1935 1013 1998 aut
1044 1930 1250 1990 successione

95 2019 235 2080 extiterit
257 2018 394 2079 debitum
408 2015 441 2093 ⁷)
464 2023 519 2076 aut
539 2033 559 2076 a
580 2013 717 2094 quolibet
738 2010 973 2091 quoquomodo
995 2013 1157 2094 collatum,
1185 2031 1250 2076 non

94 2105 201 2166 licebit
235 2105 282 2164 eis
314 2102 481 2184 quidpiam
498 2099 570 2162 inde
597 2100 630 2159 in
657 2101 825 2160 extraneas
852 2115 1004 2176 personas
1029 2101 1250 2180 transmittere,

95 2190 154 2253 sed
182 2189 283 2250 omnia
310 2188 351 2250 ad
377 2187 432 2268 jus
461 2185 618 2248 ecclesiae
630 2229 639 2265 ,
667 2201 687 2244 a
714 2199 776 2262 qua
803 2181 986 2244 manumissi
1011 2192 1085 2246 sunt
1092 2228 1103 2266 ,
1129 2193 1203 2264 post
1215 2183 1250 2266 ⁸)

95 2294 203 2336 eorum
230 2275 346 2336 obitum
373 2273 548 2354 pertinere:
577 2269 628 2330 his
649 2267 932 2354 quoque-sicut'et
953 2269 1069 2331 ceteris
1091 2270 1251 2333 ecclesiae

95 2361 215 2422 libertis
249 2359 419 2422 accusandi
452 2357 507 2418 vel
542 2351 733 2417 testificandi
763 2351 917 2414 adversus
946 2353 1113 2417 ecclesiam
1146 2355 1251 2420 aditus

95 2444 325 2527 intercluditur;
347 2441 473 2526 quod⁹)
495 2443 523 2504 si
544 2438 759 2520 aspiraverint,
773 2457 836 2498 non
856 2439 957 2500 solum
978 2440 1129 2502 libertatis
1148 2443 1251 2504 bene-

96 2530 169 2593 ficio
192 2539 318 2592 careant
337 2530 396 2594 sed
418 2529 512 2591 etiam
534 2535 567 2588 et
580 2524 635 2603 ¹⁰)
661 2524 788 2586 honoris
808 2523 925 2605 gradu,
948 2541 1040 2605 quem
1061 2543 1124 2586 non
1143 2526 1252 2611 digni·-

96 2625 163 2680 tate
183 2624 312 2678 naturae
332 2615 392 2680 sed
412 2613 561 2698 temporis
581 2607 1105 2690 necessitate11).pronen1emnt.

180 2821 262 2883 Post
290 2820 434 2896 instituta
462 2813 617 2902 quaedam
649 2811 858 2876 ecclesiastici
888 2809 1004 2875 ordinis
1031 2811 1084 2875 vel
1112 2811 1251 2896 decreta,

97 2923 178 2986 quae
219 2905 259 2967 ad
298 2903 499 2986 quorumdam
534 2901 691 2982 pertinent
722 2897 936 2980 disciplinam,
970 2907 1128 2978 postrema
1160 2900 1252 2962 nobis

98 2991 221 3052 cunctis
246 2990 462 3051 sacerdotibus
490 2985 647 3049 sententia
668 2991 720 3047 est
740 3003 795 3064 pro
816 2983 925 3045 robore
945 2992 1120 3047 nostrorum
1140 3001 1253 3068 regua
1305 2993 1308 3002 ⁴

99 3083 134 3135 et
156 3075 326 3137 stabilitate
353 3074 458 3158 gentis
480 3071 655 3137 Gothorum
680 3069 858 3152 pontificale
878 3070 1017 3130 ultimum
1037 3070 1095 3134 sub
1118 3069 1178 3154 deo
1195 3067 1254 3152 ju-

100 3160 170 3221 dice
196 3159 275 3222 ferre
303 3160 481 3223 decretum:
497 3158 678 3236 [multarum
700 3157 814 3237 quippe
836 3156 990 3236 gentium,
1018 3164 1067 3220 ut.
1080 3157 1163 3218 fama
1190 3161 1252 3237 est,

98 3253 187 3306 tanta
215 3254 302 3308 extat
328 3245 457 3328 perfidia
484 3244 673 3322 animorum,
701 3249 737 3301 ut
763 3239 855 3300 iidem
885 3239 1146 3320 sacramentow)
1176 3259 1253 3321 pro-

98 3333 227 3393 missam
258 3333 386 3416 regibus
415 3331 483 3393 suis
510 3323 745 3403 observare¹³J
774 3331 990 3406 contemnant,
1017 3333 1050 3386 et
1077 3343 1130 3386 ore
1151 3327 1254 3387 simu-

96 3417 163 3478 lent
178 3415 345 3497 juramenti
364 3415 606 3498 professionem,
628 3411 701 3474 dum
722 3410 876 3492 retineant
895 3417 1000 3471 mente
1020 3407 1169 3494 perfidiae
1190 3411 1253 3472 im·

97 3504 262 3584 pietatem3
286 3501 391 3581 jurant
418 3501 499 3562 enim
525 3501 652 3582 regibus
674 3495 757 3576 suiS,
787 3503 821 3556 et
841 3494 934 3556 fidem
955 3511 1048 3576 quam
1068 3497 1253 3578 pollicentur

99 3587 334 3666 praevaricant,
361 3603 422 3647 nec
449 3592 590 3646 metuunt
610 3582 756 3666 volumen
777 3580 850 3644 illud
868 3578 976 3662 judicii
998 3581 1065 3664 dei,
1091 3601 1148 3662 per
1169 3581 1254 3666 quod
1291 3615 1293 3620 ,

48 3699 55 3706 ·
99 3670 253 3732 inducitur
278 3669 454 3733 maledictio
480 3669 638 3750 multaque
658 3684 828 3748 poenarum
849 3667 1045 3728 comminatio
1068 3685 1163 3748 super
1183 3681 1253 3749 eost,

99 3757 152 3836 qni
168 3753 273 3844 jurant
294 3755 325 3817 in
346 3747 473 3818 uomine'
490 3753 542 3818 dei
563 3749 754 3815 mendaciter
767 3749 831 3831 Ν).
874 3749 964 3829 Quae
986 3753 1081 3834 igitur
1101 3767 1178 3832 spes
1199 3760 1253 3814 ta·

98 3842 178 3904 libus
199 3840 324 3922 populis
343 3851 452 3906 contra
472 3841 584 3904 hostes
604 3837 814 3900 laborantibus
836 3829 925 3900 erit?
964 3852 1046 3918 quae
1071 3829 1152 3898 fides
1172 3836 1254 3899 ultra

2 3935 3 3946 ¹
76 3943 170 4002 „urm
190 3926 259 3990 aliis
276 3921 428 4010 ¹gentibus
447 3930 479 3990 in
498 3943 583 4008 pace
604 3916 786 3988 credenda?
810 3920 894 4004 quod
915 3921 1026 3988 foedus
1046 3939 1109 3986 nou
1127 3920 1254 3987 violan-

97 4073 298 4098 hun-.-

135 4159 164 4228 1)
182 4161 211 4210 a'o
228 4161 265 4212 aia
282 4159 435 4242 omaM..
458 4185 494 4199 -
534 4157 565 4226 2)
581 4155 691 4268 capitali
707 4153 768 4277 :pind
786 4143 867 4207 inm.
883 4151 921 4206 M
953 4180 992 4196 ·-
1020 4152 1062 4276 M)
1080 4140 1253 4266 liberisinur·

165 4231 322 4352 trin>
338 4227 661 4366 eruiturus,
676 4225 716 4376 i„
758 4232 1130 4360 ‘attritior-„cc
1146 4227 1253 4348 rr:

133 4367 162 4437 ⁹)
180 4371 215 4420 ad
232 4369 299 4438 qaod
316 4367 371 4433 M.,
394 4368 461 4434 quod
478 4367 544 4420 Luc.
568 4365 681 4436 (primns
698 4365 744 4416 rlle
761 4381 786 4418 v.
823 4361 901 4415 .220
918 4367 971 4414 not.
990 4364 1027 4429 1).
1072 4389 1108 4404 -
1160 4365 1208 4430 ιο)
1228 4375 1254 4420 et

164 4453 216 4490 om.
234 4456 251 4490 a
267 4439 306 4490 M.
335 4467 372 4478 -
404 4435 454 4504 Η)
472 4444 586 4503 tempore
602 4433 761 4488 accessimus
817 4432 897 4484 .Bll.
928 4459 963 4470 ·-
995 4433 1045 4500 ¹²)
1062 4435 1124 4486 Atto
1141 4431 1254 4490 Vercell.

154 4507 287 4576 spicileg.
305 4511 370 4560 tom.
386 4506 420 4570 8,
438 4521 500 4576 pag.
517 4505 585 4564 1052
602 4507 758 4574 juramento.
787 4501 871 4555 Hard.
907 4529 941 4560 ·-‚-
975 4500 1025 4564 Ν)
1043 4519 1146 4555 cauare
1162 4505 1199 4557 Μ.
1218 4535 1253 4548 .-

96 4589 102 4601 *
131 4577 439 4644 “lamentata
474 4603 509 4615 -

182 4672 248 4723 urbi.
265 4671 321 4722 ecel.
337 4674 358 4720 1.
971 4653 1010 4715 1ss
