2928 5044
209 229 232 266 x
300 209 304 220 .

210 371 366 450 lectione
400 371 484 447 Joh.
523 368 698 444 llonuiuici
736 367 888 444 Mausi
927 371 1077 470 repetita
1118 378 1229 463 sunt,
1272 394 1369 468 quae

212 473 420 550 Florentiae
457 469 540 546 inde
580 472 623 546 ab
656 495 748 546 auno
781 469 882 544 1⁷59
918 480 955 546 et
992 471 1155 548 Venetiis
1190 471 1368 572 expensis
1429 511 1433 584 3

212 569 372 673 ejusdem
399 573 547 649 Antonii
573 573 684 647 Zatta
704 572 836 650 Veneti
855 572 998 650 XXXI.
1014 573 1249 650 voluminibus
1274 597 1365 673 pro·
1432 637 1433 686 p

212 679 275 754 diit
301 677 367 752 snb
393 675 515 750 titulo:
625 735 628 750 ,

309 763 506 856 'Sacrorum
527 773 755 852 conciliorum
778 797 871 850 nova
890 782 927 850 ct
946 775 1163 877 amplissima
1183 775 1366 872 collectio,
1432 741 1433 788 l

211 881 249 956 in
280 905 350 977 que
380 885 523 978 praeter
554 901 600 956 ea
630 900 720 974 quae
751 875 841 954 Phil.
865 875 1036 956 Lehbens
1061 885 1099 954 et
1124 879 1234 960 Gabr.
1260 873 1366 956 (los-

174 1034 178 1042 -
212 981 345 1062 sautius
373 981 415 1056 St
441 980 478 1056 J.
492 979 524 1074 ¹)
557 987 594 1054 et
618 977 813 1055 novissime
837 978 1016 1056 Nicolaus
1042 975 1208 1076 Coleti²l
1239 979 1276 1062 in
1300 981 1364 1058 lu·

213 1109 290 1162 cern
322 1081 493 1171 edidere,
526 1104 571 1156 ea
601 1079 717 1156 ornuia
748 1079 895 1180 insuper
927 1080 1071 1160 suisio
1105 1080 1198 1162 locis
1230 1082 1365 1183 optimc

213 1183 389 1285 disposita
437 1181 673 1274 exhibentur,
719 1205 809 1278 quae
849 1181 1057 1260 Joaunos
1098 1183 1364 1266 Dominicus

212 1285 379 1378 Messi,
412 1283 563 1362 antehac
588 1281 879 1380 congregationis
904 1285 1025 1362 matris
1051 1283 1127 1378 dei,
1158 1309 1252 1366 nunc
1273 1309 1364 1368 vero

212 1387 505 1486 archiepiscopus
529 1383 711 1460 Lucensis
735 1383 975 1482 evulgavit³].
1018 1385 1143 1464 Editio
1168 1387 1365 1470 novissima

56 1529 68 1556 ι
181 1491 257 1576 ‚ab
282 1489 407 1566 eodern
432 1495 534 1588 patre
559 1484 680 1562 Mausi
691 1484 743 1580 ⁴),
767 1486 986 1586 potissimum
1011 1488 1169 1567 fauorem
1194 1488 1364 1585 etiamst

213 1617 315 1692 opern
350 1597 557 1688 praestante
589 1610 711 1662 emino.
737 1586 910 1662 cardinali
943 1589 1129 1669 Dominico
1159 1590 1363 1672 Passiones

212 1717 244 1772 s·
271 1690 372 1769 sedis
398 1689 618 1790 apostolicae
644 1687 917 1764 bibliothecario.

314 1792 434 1887 Hujus
459 1788 682 1866 collectionis
708 1796 843 1866 textum
872 1789 1065 1867 innumeris
1098 1792 1142 1870 eh
1179 1791 1363 1872 erroribus

212 1891 484 1994 typographicis
502 1889 766 1968 emendavimus
779 1897 816 1966 et
831 1892 1040 1970 contulimus
1055 1915 1133 1970 cum
1147 1892 1362 1975 editionibus

89 2021 96 2038 ⁸
213 1995 312 2088 illis,
345 1991 503 2090 quaein
536 1991 803 2089 cognoscendis
824 1993 921 2090 juris
953 1991 1195 2076 ecclesiastici
1228 1995 1362 2094 antiqui

212 2095 369 2175 sontibus
394 2117 616 2192 summopere
640 2092 839 2182 laudandae
863 2103 967 2174 suut:

264 2198 293 2274 1.
341 2203 527 2274 Συνοδικόν
552 2193 633 2270 sive
659 2194 866 2272 pandectae
898 2221 1071 2272 canonum
1096 2221 1149 2272 ss.
1174 2195 1361 2296 apostolo·

314 2323 387 2372 rum
415 2304 452 2372 et
476 2296 702 2372 conciliorum
729 2297 773 2372 ab
799 2298 958 2382 ecclesia
976 2299 1119 2374 Graece
1138 2306 1361 2396 receptorum

312 2423 381 2479 nec
408 2421 476 2476 uon
503 2397 751 2486 canonicarum
773 2423 825 2473 ss.
849 2409 985 2501 patrum
1008 2397 1257 2499 epistolarum:
1289 2424 1361 2488 uua

315 2524 395 2576 cum
428 2498 576 2580 scholiis
615 2498 832 2597 antiquorum
868 2501 1021 2599 singulis
1054 2523 1174 2580 eornm
1207 2503 1358 2580 annexis

313 2610 351 2678 ct
376 2600 522 2700 scriptis
548 2599 629 2678 aliis
653 2601 723 2676 hnc
750 2604 1015 2702 spectantibus,
1045 2627 1189 2700 quorum
1212 2602 1360 2701 pluriora

314 2727 336 2780 e
374 2702 617 2780 Bibliothecae
653 2702 872 2784 Bodleianeo
912 2730 997 2783 mss.
1040 2703 1223 2781 codicibus
1265 2727 1359 2785 nunc

313 2803 460 2905 primurn
491 2804 587 2878 edita
623 2803 672 2894 (a
705 2803 822 2877 Guil.
856 2803 1116 2902 Beuercgio
1149 2803 1358 2906 episcopo).

315 2903 603 2998 0x0u1i‚1672.
636 2902 696 2978 fol.
732 2904 862 2982 2voll.
1335 2902 1345 2928 ⁸

261 2998 312 3080 11.
337 3012 340 3018 ’
360 3006 582 3085 Bibliotheca
598 3003 694 3100 juris
720 3003 882 3086 canonici
907 3006 1042 3088 veteris
1067 3007 1103 3082 in
1130 3006 1221 3082 duos
1245 3013 1359 3085 tonos

311 3105 519 3202 distribute,
550 3130 694 3208 quorurn
718 3131 810 3182 uiuus
835 3129 1007 3188 canonum
1031 3105 1359 3188 ecclesiasticorum

216 3285 218 3292 ,
311 3209 458 3289 codices
484 3209 647 3305 antiquos
672 3215 742 3282 tau
769 3205 933 3290 Graecos
957 3233 1059 3308 qnam
1082 3209 1234 3288 Latinos
1260 3233 1359 3285 conu-

311 3309 505 3410 plectitur,
545 3310 635 3384 alter
679 3331 768 3382 vero
800 3307 1020 3407 insigniores
1058 3309 1154 3410 juris
1197 3311 1359 3390 canonici

311 3413 448 3486 ueteris
475 3411 688 3486 collectores
713 3408 877 3492 Graecos
901 3409 1057 3504 exhibet,
1082 3411 1141 3510 qui
1166 3436 1260 3488 nunc
1282 3411 1358 3511 pri·-

311 3537 402 3588 nrum
428 3513 464 3589 in
495 3511 609 3585 luceru
640 3509 792 3587 eduntur
823 3535 871 3590 cx
902 3511 1115 3591 bibliotheca
1142 3510 1358 3590 Christo-

311 3613 442 3715 phori
467 3609 673 3688 Justelli.
717 3610 838 3709 Opera
860 3621 897 3687 et
922 3614 1041 3694 studio
1068 3615 1181 3690 Guil.
1204 3613 1359 3699 Voelli

278 3722 348 3787 et
390 3711 581 3786 Henrici
624 3709 852 3806 Justelli‚
898 3710 1149 3815 Christophori
1185 3715 1234 3794 61.
1274 3714 1358 3794 hut.
1432 3711 1433 3716 ’

308 3813 427 3888 Paris.
453 3811 565 3891 1661.
596 3811 656 3886 fol.

283 3914 382 4004 Ques
413 3937 462 3988 ex
486 3912 544 3986 his
570 3913 780 4010 collegimus
805 3915 981 3990 lectiones
1002 3914 1184 3993 variantes
1210 3914 1358 4014 apposi-

210 4013 257 4090 tis
299 4013 495 4088 nnrniuihns
540 4013 793 4110 Reveregii
837 4023 873 4094 et
916 4015 1116 4098 Justelli
1158 4015 1357 4096 counimus

210 4113 331 4212 (sign.
357 4115 470 4205 nec„
494 4113 635 4208 Just).

209 4255 408 4270 Μ

215 4299 244 4374 ¹)
269 4297 356 4357 Poris.
380 4298 462 4352 1671.
491 4296 540 4357 sol.
573 4298 609 4352 16
630 4297 694 4414 1011..
752 4330 789 4343 -
852 4297 883 4368 ²)
903 4295 1026 4386 venetiis
1048 4299 1134 4356 1728.
1160 4295 1210 4354 sol.
1237 4301 1274 4354 23
1294 4250 1356 4360 roll.

222 4459 226 4470 -
286 4371 898 4518 auunculo:neren
943 4393 1359 4525 ,rau

285 4525 383 4588 viterbo
402 4522 528 4604 praesule
548 4524 647 4600 legitur
667 4526 693 4586 io
714 4523 879 4587 tituloinds
897 4542 914 4589 e
935 4532 1009 4588 toruo
1022 4525 1058 4592 X.
1078 4525 1192 4604 (1764)-
1231 4553 1271 4574 νυ
