2912 5060
353 249 615 362 *coliculum
640 289 909 362 remensum
929 297 971 362 v.
1183 294 1249 367 ste

94 487 152 552 per
177 463 373 550 iniquitatem
399 471 563 542 creverant
587 461 721 529 reduces
740 459 824 548 fleri,
850 474 973 549 praeter
993 467 1024 531 in
1044 467 1137 552 im),
1162 471 1247 556 quod

5 621 8 634 ,
94 553 262 620 consecuti
290 553 404 615 luerint
433 552 551 632 pietate
579 551 814 616 clementissimi
838 554 985 634 principis
1010 556 1128 637 nostri,
1156 554 1246 637 cujus
1339 607 1340 610 ,

94 640 199 722 gratio
217 646 250 701 et
271 637 370 700 bonos
391 634 539 728 donorum
556 637 703 720 praemiis
723 637 802 701 ditet
822 647 856 701 et
876 639 1016 726 malos‘a
1037 637 1246 706 beneficentia
1283 663 1289 671 ·

94 743 155 790 sue
175 741 238 786 non
258 731 394 804 separat.
843 737 846 742 ’

180 807 297 872 Gloria>
308 817 414 870 eutem
435 815 469 869 et
488 807 586 869 honor
605 806 807 888 omnipotenti
824 804 939 888 deo²),
960 808 991 869 in
1012 804 1102 889 cujus
1119 810 1246 874 nomine

51 923 58 936 ·
93 895 282 977 congregati
301 911 428 974 sumus3
454 893 629 974 posthaec
648 911 729 974 pax,
756 891 887 970 salum)
909 901 942 953 et
962 893 1145 958 diuturnitas
1165 897 1246 978 piis-

93 979 174 1043 simo
202 989 235 1042 et
262 980 392 1042 amatori
413 978 531 1041 Christi
559 977 681 1040 domino
708 986 815 1040 nostro
840 975 1017 1041 sisenando
1043 980 1127 1063 regi,
1153 979 1244 1062 cujus

94 1063 299 1128 devotiones
320 1064 361 1127 ad
381 1065 443 1127 hoc
459 1062 619 1126 decretum
633 1063 824 1126 solunfemm
837 1064 1034 1127 convocavit.
1057 1065 1244 1131 Conoboret

95 1150 215 1214 Christi
240 1151 341 1233 gloria
358 1149 598 1232 'regnum-Villius
618 1149 786 1231 gentisque
795 1147 831 1227 ⁴)
856 1147 1029 1213 Gothorum
1050 1149 1083 1212 in
1102 1149 1164 1214 fide
1184 1169 1243 1216 ca-

96 1236 228 1316 tholica,
253 1236 344 1298 annis
369 1243 403 1297 et
429 1234 548 1296 meritis
573 1241 720 1318 proteget
742 1234 826 1296 illum
846 1251 948 1316 usque
969 1234 1010 1298 ad
1030 1236 1167 1300 ultimtm
1187 1255 1244 1299 se-

95 1329 255 1384 nectutem
268 1321 380 1384 summi
391 1318 425 1398 ὅ)
446 1319 499 1382 dei
514 1321 625 1402 gratia,
640 1329 673 1383 et
689 1328 763 1399 post
774 1321 951 1400 praesentis
967 1320 1056 1404 regni
1070 1322 1199 1406 gloriam
1209 1323 1244 1402 ⁸)

93 1407 135 1470 ad
156 1415 315 1468 aeternum
335 1423 467 1488 regnum
486 1413 643 1485 tranent,
663 1413 699 1467 ut
710 1403 750 1482 'l'
766 1407 835 1466 sine
856 1404 919 1467 fine
939 1413 1068 1489 regnet,
1091 1407 1144 1490 qul
1164 1409 1244 1471 intre

93 1488 298 1571 saeculum⁸)
329 1477 505 1568 fideliterl)
532 1481 777 1571 imperet,‘tpso
806 1497 1003 1573 praestante,
1030 1491 1084 1571 qui
1111 1501 1162 1554 cst
1187 1511 1244 1556 rex

95 1595 205 1661 regum
227 1585 261 1639 et
281 1575 424 1639 dominns
444 1572 700 1654 dominorum10)
722 1591 793 1640 cum
819 1583 908 1657 petre
935 1583 983 1642 et.
998 1577 1107 1659 spiritu
1132 1585 1260 1660 sancte.

96 1661 128 1724 in
148 1663 278 1725 saecula
297 1662 500 1724 saeculorum.
541 1661 653 1730 Amen.
933 1680 935 1686 ·
1018 1685 1020 1690 ’

101 1785 106 1796 ‚
181 1746 327 1811 Definitis
339 1747 452 1827 itaque
472 1746 539 1828 his,
560 1763 642 1827 quae
663 1743 807 1822 superius
827 1741 1052 1825 comprehensa
1072 1753 1163 1825 sunt,
1184 1761 1244 1806 an·-

94 1841 212 1896 nuente
228 1832 462 1916 religiosissimo
476 1832 614 1914 principe
631 1829 749 1912 placuit
766 1827 879 1892 deinde
898 1831 982 1894 nulla
997 1849 1031 1892 re
1045 1829 1243 1912 impediente,
1361 1845 1366 1850 ·

95 1937 117 1981 e
143 1918 281 2000 quolibet
308 1926 446 1979 nostrum
476 1915 546 1998 ea,'
563 1935 646 2000 quse
673 1914 844 1978 constituto
871 1923 965 1997 sunt,
994 1916 1158 1998 temerari,
1185 1915 1244 1978 sed

95 2013 211 2067 cuncto
236 2003 351 2066 salubri
377 2002 506 2064 consilio
533 2017 722 2066 conservare
735 1998 810 2076 ¹¹):
842 2017 924 2082 qnae
952 2017 1025 2082 quie
1051 2000 1244 2082 profectibus

94 2090 252 2152 eeclesiae
279 2095 313 2150 et
340 2089 461 2150 animae
487 2095 614 2151 nostrae
643 2086 854 2168 conveniunt,
887 2083 981 2150 etiam
1015 2087 1138 2170 propria
1165 2086 1244 2151 sob-

93 2175 267 2259 soriptione.
283 2181 320 2237 ut
340 2182 544 2258 permaneant
564 2173 743 2240 roboramus
757 2167 821 2249 ¹²).

496 2505 841 2529 m

99 2879 103 2886 ·
208 2810 505 2922 eouemruu
531 2837 869 2918 conuulsum
895 2836 1135 2934 common

96 2977 267 3046 uremur
307 2977 516 3057 ennruon
564 2975 873 3042 nosceronuu
918 2973 1245 3040 unumunurn

196 3065 371 3132 oeoxrn
389 3063 444 3144 ι’)
476 3061 602 3126 Anno
632 3061 771 3126 neruo
800 3061 957 3129 normu
988 3061 1149 3127 nusum

230 3150 233 3156 ¹
343 3235 346 3242 ,
455 3147 712 3214 einnonem
742 3145 884 3215 onom.

97 3381 220 3502 Apud
247 3421 353 3484 urbem
375 3418 560 3481 'l'oletenam
587 3416 721 3482 diversis
747 3435 789 3480 ex
808 3414 977 3498 provinciis
997 3412 1171 3495 Hispaniae
1191 3428 1248 3475 sa-

97 3515 244 3578 cerdotes
273 3513 389 3576 domini
415 3511 450 3572 in
474 3529 536 3574 une
562 3514 653 3594 pacis
679 3507 879 3593 collegio¹⁴J
908 3510 940 3571 in
957 3507 1098 3571 -besilica
1116 3514 1250 3570 sanctae

97 3599 245 3680 martyris
260 3597 315 3676 15)
347 3594 528 3660 Leocadiae
566 3599 619 3678 qui
651 3594 872 3676 consedimus,
902 3594 1070 3679 gratiarum
1107 3592 1249 3654 actiones

98 3681 303 3762 omnipotenti
324 3679 446 3744 domino
468 3683 675 3763 persolvimus
700 3690 827 3762 propter
850 3698 940 3744 suam
960 3693 1107 3762 magnam
1125 3675 1250 3738 miseri·
1332 3716 1335 3720 -

98 3768 246 3849 cordiam,
264 3764 355 3849 cujus
373 3773 450 3829 nutu
471 3768 503 3828 in
523 3767 607 3830 hanc
621 3767 825 3831 convenimus
841 3763 1049 3845 concordiam,
1070 3767 1104 3825 et
1120 3759 1261 3844 gloriosi

98 3945 295 3966 W

138 4033 168 4099 ¹)
184 4041 287 4100 proeter-
303 4033 331 4086 td
347 4033 385 4084 M.
420 4059 456 4074 -
491 4034 521 4102 θ)
539 4032 586 4084 deo
601 4040 688 4086 noetm
706 4032 737 4085 C.
750 4031 826 4101 Hisp.
844 4029 963 4101 (praeter
980 4031 1013 4082 A.
1031 4033 1058 4081 et
1074 4027 1106 4079 F..
1116 4025 1154 4092 3.)
1172 4030 1199 4078 et
1211 4026 1249 4078 M.

137 4103 167 4172 ³)
184 4104 254 4154 snlrtr
271 4109 296 4154 et
312 4119 368 4169 porr
385 4102 423 4154 M.
457 4133 493 4145 -
535 4102 565 4170 ⁴)
582 4111 714 4171 pedesque
729 4101 758 4154 in'
775 4119 810 4154 m.
828 4102 865 4153 M.
900 4126 936 4142 -
980 4100 1010 4166 ὃ)
1027 4111 1126 4149 suntme
1142 4097 1179 4147 M.
1214 4122 1249 4133 -

136 4173 165 4242 ο)
183 4171 390 4253 propr-cesentio
406 4174 479 4236 repet
494 4173 668 4255 cloria-m.
704 4200 754 4252 -Ι
776 4172 804 4240 ⁷)
822 4177 847 4222 et
863 4168 892 4224 in
909 4186 943 4221 m.
961 4167 998 4220 Μ.
1032 4195 1068 4208 -
1103 4165 1132 4234 ⁸)
1150 4165 1250 4215 insce-

132 4309 451 4382 >
469 4233 1251 4378 ..rmeenutriretur·runnu

170 4383 327 4448 scripsemmt
340 4393 427 4430 omnes
442 4379 547 4432 additur
558 4379 585 4432 in
595 4381 626 4432 A.
641 4383 668 4431 ct
683 4381 715 4432 E.
727 4383 762 4444 3.,
776 4384 804 4432 et
817 4378 845 4430 io
858 4395 891 4430 nr.
903 4379 941 4429 M.
966 4405 1001 4424 .-
1034 4373 1083 4440 ¹³)
1102 4373 1163 4424 XX.
1173 4373 1251 4438 episc.

171 4451 219 4512 M,
232 4447 544 4514 XX11.episc.Aguirre.
558 4478 594 4488 -
607 4451 663 4500 Ero
674 4449 727 4502 674
738 4447 813 4514 (aun.
827 4447 890 4498 Chr.
903 4443 968 4512 636)
979 4445 1010 4497 Α.
1023 4445 1068 4496 AE.
1081 4443 1112 4494 E.
1125 4443 1150 4493 3.
1163 4441 1196 4492 U.
1207 4439 1251 4504 G.
1340 4489 1346 4506 ,

171 4524 199 4570 et
208 4519 245 4569 M.
262 4519 324 4572 Non
334 4517 414 4570 video
426 4534 505 4587 qnam
518 4519 552 4570 ob
564 4534 668 4571 cansam
684 4518 797 4579 editores
811 4518 910 4569 collect.
921 4526 984 4569 can.
999 4516 1062 4568 eccl.
1073 4511 1148 4580 Hisp.
1161 4508 1252 4562 lectio-

173 4603 234 4640 nem
251 4583 331 4642 istarn
346 4587 524 4656 praetulerint.
549 4616 583 4628 -—
619 4589 668 4656 Ν)
686 4589 713 4638 in
724 4604 801 4639 unum
813 4587 893 4654 positi
904 4591 929 4637 et
938 4585 1046 4645 collecti,
1063 4583 1095 4632 al.
1109 4582 1151 4648 pai
1164 4581 1190 4630 in
1202 4593 1252 4627 ano

172 4658 245 4724 pacis
262 4657 346 4709 osculo
364 4657 393 4710 in
410 4675 444 4711 m.
464 4659 500 4711 M.
535 4685 569 4698 -·
614 4658 663 4724 Ην)
679 4657 831 4724 confessoris
846 4655 902 4708 BR.
920 4653 951 4706 E.
967 4653 991 4706 l.
1010 4653 1043 4704 T.
1059 4651 1098 4714 1.,
1117 4657 1143 4700 ct
1159 4647 1196 4699 M.
1219 4673 1255 4685 —
