2912 5060
164 231 252 313 ,ara
277 175 280 184 ¹
473 225 695 294 coacturum
717 209 976 296 rouuriuuu
990 227 1052 310 Iu.-

192 398 324 484 populos
350 399 460 466 fideles
479 399 625 464 'efficiunt
653 399 830 484 satagimus
856 417 920 462 noa
947 398 1081 468 nescire.
1133 396 1283 464 seuam
1311 401 1344 464 si

194 489 270 550 totis
292 487 450 552 nitendum
477 495 529 550 est
553 487 671 550 viribus
697 485 840 548 humanis
867 485 1004 548 moribus
1024 481 1150 547 modum
1169 503 1287 566 ponere
1308 483 1344 548 et'

193 571 390 636 insolentium
409 569 525 634 rabiem
544 573 633 652 regia
653 579 812 654 potestate
832 569 997 650 refrenare,
1018 569 1047 632 si
1068 567 1203 651 quieti1)
1220 577 1253 630 et
1270 570 1345 650 paci

194 655 415 738 propagandae
436 675 527 738 opem
548 656 698 718 debemus
718 653 905 736 impendere,
925 653 1021 716 multo
1043 655 1146 736 magis
1166 653 1346 718 adhibenda

194 751 246 806 est
264 741 438 804 sollicitudo
458 739 635 804 desiderare
658 749 691 802 et
711 741 852 824 cogitare
873 737 995 819 divina,
1015 739 1133 800 inhiare
1154 737 1344 817 sublimia')

194 833 226 890 et
242 827 281 888 ab
299 845 400 888 errore
414 826 556 888 retractis
577 823 700 906 populis
713 827 877 888 veritatem
898 825 946 886 eis
966 843 1079 886 sereno
1098 823 1214 902 luoe⁸)
1230 831 1345 888 osteu-

193 911 287 974 dere:
315 912 364 974 sic
385 909 466 974 enini
486 911 554 992 agit
575 910 628 992 qui
646 910 806 990 multiplici
827 909 908 971 bono
919 908 954 987 ⁴)
976 927 1013 969 se
1034 926 1054 970 a
1075 907 1135 970 deo
1155 909 1344 971 remunerari

192 993 381 1076 confidit³)3
409 995 457 1056 sic
477 995 559 1059 enim
579 993 666 1056 audit
685 995 738 1074 qui
760 1013 854 1072 super
873 987 907 1054 id
919 1011 1020 1074 *quam
1041 992 1124 1073 quod
1144 993 1175 1053 ei
1196 995 1344 1056 commit—

192 1081 267 1142 titur
287 1087 393 1162 auget‚
415 1079 487 1140 dum
507 1079 550 1139 illi
567 1077 693 1141 dicitur:
718 1077 879 1160 Quidquid
897 1077 1171 1160 supererogaveris
1192 1097 1251 1160 ego
1273 1097 1344 1140 otuu

193 1163 317 1225 rediero
338 1161 468 1224 reddam
490 1161 605 1240 citit).
645 1162 732 1243 Ergo
759 1163 831 1242 quia
855 1159 922 1240 jam
947 1160 1021 1223 fidei
1046 1169 1173 1224 nostrae
1201 1172 1234 1224 et
1262 1180 1343 1224 eon-

193 1245 341 1309 fessionis
360 1245 488 1308 formam
508 1247 602 1326 plena
622 1247 704 1308 serie
724 1255 833 1308 vestra
852 1243 1011 1308 beatitudo
1032 1245 1204 1326 recensuit,
1231 1245 1345 1322 simul-

194 1349 256 1414 que
277 1339 311 1392 et
331 1329 527 1394 sacerdotum
547 1338 782 1412 nostrorumque
802 1349 963 1410 procerum
978 1327 1059 1392 fides
1072 1338 1167 1410 atque
1182 1331 1343 1394 confessio

168 1423 178 1430 '
194 1415 355 1478 sanctitati
374 1423 501 1478 vestrae
522 1417 676 1496 perpatuit
689 1413 738 1498 Μ),
764 1415 826 1478 hoc
846 1413 950 1478 adhuc
969 1415 1149 1478 necessario
1169 1434 1224 1496 pro
1245 1415 1345 1478 firmi·-

193 1509 260 1563 tate
291 1500 464 1564 catholicae
495 1499 568 1562 fidei
602 1509 709 1562 nostra
741 1499 801 1564 deo
837 1499 972 1580 supplex
1004 1499 1166 1562 instituere
1200 1499 1345 1564 decrevit

194 1585 373 1666 auctoritas,
392 1593 428 1646 ut
449 1593 574 1666 propter
592 1583 792 1648 roborandam
811 1585 918 1667 gentis
938 1591 1065 1646 nostrae
1086 1583 1241 1647 novellam
1262 1605 1344 1648 con-

193 1671 369 1732 versionem
383 1689 492 1731 omnes
505 1669 722 1750 Hispaniamm
735 1679 767 1730 et
780 1667 902 1732 Galliae
916 1668 950 1747 ⁸)
964 1669 1120 1730 ecclesiae
1140 1667 1222 1730 hanc
1242 1689 1345 1754 regu-

195 1755 257 1816 lam
267 1762 409 1818 servent:
426 1762 462 1816 ut
475 1773 583 1816 omnes
595 1754 629 1833 ⁹)
642 1751 786 1816 sacrificii
799 1763 937 1834 tempore
951 1762 1024 1816 ante
1036 1753 1344 1834 communionemw)

195 1840 332 1920 corporis
353 1839 470 1902 Christi
489 1840 542 1902 vel
557 1837 611 1917 ¹¹)
640 1840 802 1922 sanguinis
817 1837 909 1918 juxta
929 1839 1119 1902 orientalium
1140 1839 1271 1920 partium
1286 1839 1343 1918 ¹²)

193 1943 312 1988 morem
339 1925 523 1986 ruranimiter
552 1923 635 1985 clara
664 1941 746 1986 vooe
780 1925 1023 1986 sacratissimum
1052 1921 1126 1985 fidei
1154 1932 1344 1986 recenseant

194 2009 386 2092 symbolum,
413 2016 450 2070 ut
474 2009 603 2088 primunr
629 2004 734 2092 populi
760 2007 835 2092 quid
860 2005 1109 2088 credulitate¹³l
1135 2016 1264 2072 teneant
1291 2009 1344 2070 fa-

194 2102 318 2155 teantur
345 2093 449 2156 etsie
477 2091 572 2154 corda
600 2090 662 2154 fide
688 2093 850 2174 purificata
877 2091 918 2156 ad
939 2093 1056 2159 Christi
1076 2112 1189 2174 corpus
1210 2103 1243 2156 et
1262 2111 1343 2156 san-
1444 2107 1445 2116 ¹

97 2179 101 2185 “
193 2181 321 2262 guinem
346 2177 577 2258 percipiendum
605 2179 781 2242 exhibeant.
832 2177 914 2238 Dum
943 2179 1025 2240 enirn
1055 2179 1232 2240 constitutio
1258 2177 1343 2242 haec

193 2263 284 2325 fuerit
296 2263 471 2344 perenniter
482 2257 680 2329 conservata
691 2263 722 2324 in
738 2262 790 2324 dei
808 2262 954 2344 ecclesia,
976 2272 1009 2324 et
1026 2261 1162 2324 lidelium
1180 2283 1221 2327 ex
1235 2263 1339 2324 solido

195 2347 408 2412 corroboratur
432 2346 614 2432 credulitas,
645 2356 678 2410 et
697 2346 826 2428 perfidia
852 2347 1019 2410 infidelium
1050 2349 1210 2410 confutata
1236 2343 1276 2408 ad
1304 2345 1339 2408 id
1444 2417 1445 2428 χ

91 2449 93 2456 ’
193 2431 277 2514 quod
297 2431 461 2513 repetitum
481 2433 610 2512 saepius
624 2433 830 2515 recognoscit
849 2433 994 2496 facillime
1015 2433 1194 2514 inclinatum
1219 2449 1280 2508 uec
1300 2450 1340 2494 se
1444 2439 1445 2472 l

192 2519 356 2600 quisquam
377 2514 443 2596 jam
471 2515 511 2580 de
538 2517 711 2600 ignorantia
737 2517 816 2579 fidei
838 2518 1003 2580 excusabit
1030 2537 1050 2580 a
1076 2517 1187 2598 culpa,
1216 2516 1341 2598 quando
1444 2507 1445 2522 ¹

191 2604 404 2665 universorum
425 2621 479 2664 ore
502 2603 669 2684 cognoscit
688 2601 762 2682 quid
783 2602 938 2664 catholica
958 2610 1067 2665 teneat
1087 2611 1120 2664 et
1147 2601 1264 2672 credat,
1282 2620 1343 2664 eo-

192 2689 300 2752 olesia.
329 2685 479 2749 Omnibus
500 2705 577 2768 ergo
598 2687 754 2768 capitulis,
766 2706 848 2768 quae
868 2687 970 2750 adhuc
990 2707 1047 2768 per
1060 2695 1199 2749 vestram
1218 2687 1343 2750 sancti-

192 2781 290 2834 tatem
301 2772 420 2853 regulis
433 2771 660 2834 ecclesiasticis
674 2769 848 2850 adjicienda
863 2780 946 2853 sunt,
962 2771 1024 2834 hoc
1039 2791 1094 2851 pro
1114 2770 1188 2833 fidei
1208 2769 1342 2836 sanctae

192 2857 368 2924 reverentia
388 2863 422 2917 et
440 2855 584 2918 linuitate
604 2855 849 2938 proponite14),
877 2855 960 2938 quod
982 2855 1022 2918 de
1039 2855 1223 2941 proferendo
1249 2876 1343 2940 syrn-

191 2943 262 3004 bblo
282 2949 389 3004 nostra
403 2939 463 3002 deo
484 2939 678 3019 docente¹⁵)
699 2941 840 3004 decrevit
860 2943 1031 3004 serenitas:
1053 2941 1093 3003 de
1110 2943 1216 3004 cetero
1233 2951 1340 3016 autem
1369 2979 1373 2984 ·

190 3045 247 3108 pro
266 3025 440 3088 inhibendis
460 3025 656 3087 insolentium
674 3027 820 3105 moribus,
840 3046 912 3088 mea
931 3027 1023 3095 vobis
1037 3029 1254 3090 consentiente
1270 3023 1342 3090 ele-

191 3107 322 3192 mentia,
343 3111 509 3173 sententiis
531 3109 761 3190 ternrinate·²⁶)
781 3109 1027 3192 districtioribus,
1049 3120 1082 3174 et
1100 3110 1224 3174 firmiori
1241 3111 1342 3176 disci-

189 3194 341 3345 plina¹⁷l
374 3214 455 3278 quae
482 3193 626 3278 facienda
653 3214 716 3258 non
742 3205 816 3258 sunt
840 3197 1019 3278 prohibete,
1045 3207 1078 3268 et
1106 3215 1146 3260 ea
1166 3215 1248 3280 quae
1272 3193 1342 3262 fieri

211 3283 305 3346 ebent
325 3279 472 3348 immobili
489 3279 711 3345 constitutione
730 3279 859 3344 firmate.
924 3338 926 3343 .
1166 3325 1168 3332 ·

457 3531 458 3534 Ἴ
582 3441 947 3510 capluuua

229 3574 328 3640 quae
359 3560 397 3622 in
429 3558 491 3622 dei
519 3559 674 3624 nomine.
701 3568 842 3626 saneta
871 3556 1046 3658 synodus
1076 3559 1297 3664 constituit

172 3717 177 3734 Ι
207 3771 211 3777 ’
270 3716 350 3828 Post
364 3736 592 3824 damnationem
608 3680 903 3828 'haeresid'hriame
924 3771 958 3826 et
976 3760 1050 3826 fidei
1069 3769 1202 3827 sanotae
1222 3760 1337 3826 cotho-

150 3855 152 3860 ‘
185 3844 266 3910 lioae
282 3846 509 3927 expositionem
529 3847 591 3913 hoo
610 3857 754 3944 sanctum
775 3850 937 3932 praecepit
948 3847 1006 3929 ¹⁸)
1019 3849 1193 3932 concilium,
1212 3855 1249 3911 ut
1263 3847 1336 3930 quia

107 4125 109 4130 ’
217 4092 427 4230 rr
572 4096 609 4219 :3
677 4095 864 4234 ”turb
878 4095 1098 4164 Μ
1115 4093 1335 4220 raud

250 4233 308 4284 ruri
324 4233 441 4288 intendit.
457 4237 650 4293 Hard..-reru.
666 4243 758 4306 potest.
774 4236 812 4288 M.
828 4264 864 4276 -
898 4232 928 4304 θ)
945 4235 1011 4290 Luc.
1028 4237 1072 4304 10,
1082 4237 1125 4294 35.
1142 4264 1178 4276 -·
1213 4233 1243 4301 7)
1261 4235 1333 4288 curl-
1421 4253 1425 4258 ’

250 4303 301 4354 tuti
318 4335 345 4356 ..
365 4305 513 4374 praepatuit
528 4307 567 4358 M.
600 4333 636 4344 -
671 4305 849 4426 ⁸giirrilioiue
864 4301 893 4356 in
910 4319 945 4356 m.
962 4305 1000 4358 M.
1035 4335 1071 4348 --
1106 4304 1222 4374 ογοηιηῑ
1238 4303 1276 4355 M.
1294 4329 1331 4344 ·-

210 4367 526 4436 1⁰),roumum'oauouem
540 4373 586 4426 AE.
603 4373 659 4428 BR.
701 4374 788 4428 ,3.4.
805 4373 853 4442 lb,
870 4378 898 4426 et
914 4373 952 4428 M.
993 4402 1030 4418 -
1076 4377 1126 4445 11)
1142 4381 1169 4428 et
1184 4372 1277 4442 vallic.
1294 4401 1330 4412 —

211 4439 262 4506 ¹²)
278 4447 383 4507 potrmu
398 4443 436 4494 M.
470 4469 505 4486 ψ-
543 4443 593 4510 1³)
608 4459 684 4509 prmus
699 4445 875 4498 crelrditoterrr
894 4441 932 4495 M.
965 4471 1002 4485 -
1043 4441 1092 4508 1⁴)
1106 4443 1257 4514 praeponite
1269 4442 1327 4494 BR.

247 4507 278 4558 E.
296 4509 322 4560 t.
356 4537 392 4550 -
425 4511 474 4574 Η)
490 4511 587 4563 dumeto
604 4513 640 4566 M.
675 4539 710 4554 -·
750 4513 799 4576 ¹⁰)
816 4513 954 4574 terminato
971 4513 1008 4566 M.
1043 4541 1078 4552 -·
1117 4510 1167 4578 1⁷)
1184 4511 1328 4563 districtio-

243 4577 282 4626 tl'S
299 4584 323 4627 ⁶¹
340 4575 462 4637 firmiore
473 4579 630 4658 =discipliuae
646 4582 673 4636 in
692 4599 725 4636 m.
743 4580 779 4632 M.
798 4591 832 4622 '-
860 4580 910 4650 18)
926 4581 1053 4648 praecipit
1069 4577 1223 4650 Menapios
1238 4577 1273 4646 (e.
1285 4580 1325 4646 8).
