2912 5060
360 271 603 372 cenoman
624 269 895 338 componun
909 273 994 337 vnr.
1193 270 1258 336 am

192 447 238 507 At
257 461 334 507 vero
357 444 466 507 illustri
487 443 612 506 lauilum
632 444 722 510 titulo
743 445 923 526 praeclarus
942 451 1054 509 auotor
1071 437 1256 506 Ambrosios

93 533 132 592 in
156 529 235 592 libro
256 529 296 592 de
319 531 432 592 officiis
453 531 550 609 primo
563 528 595 608 ¹)
617 529 832 608 hujuscemodi
852 531 898 592 rei
918 547 1016 592 causa
1035 529 1084 592 sio
1103 527 1255 608 loquitur=

93 617 167 678 lust
199 617 293 677 etiam
322 625 431 679 eontra
460 615 594 676 officium
625 633 864 698 nonnunquam,
894 615 1080 694 promissum
1115 614 1251 694 solvere,

95 711 336 764 sacramentum
356 699 531 779 custodire,
550 703 587 761 irt
608 699 768 781 Herodes,
791 702 843 779 qui
859 699 975 780 juravit
995 699 1140 778 quoniam
1161 696 1255 778 quid-

97 787 179 868 quid
199 788 317 866 petitus
329 784 363 865 ²)
384 794 473 847 esset
495 785 583 846 daret
601 783 684 845 filiae
703 785 906 866 Herodiadis,
936 791 969 845 et
990 801 1101 846 necem
1121 783 1255 846 Joannis

95 872 276 953 praestitit,
297 891 338 933 ne
358 872 543 952 promissum
564 878 705 952 negaret.
744 871 828 932 Nam
850 871 890 932 de
908 870 1025 950 Jephte
1047 867 1119 951 quid
1141 868 1254 950 dicam,

96 957 157 1038 qui
184 956 357 1018 immolavit
382 956 493 1036 filiam,
522 973 603 1036 quae
630 957 690 1017 sibi
716 957 828 1018 victori
842 955 876 1035 ³)
910 957 1038 1034 primum
1067 963 1253 1035 occurrerat,

98 1061 167 1123 quo
189 1051 299 1102 votum
319 1041 461 1120 impleret
482 1041 564 1120 quod
584 1041 804 1122 spoponderat,
823 1049 860 1104 ut
876 1039 1024 1121 quidquid
1043 1041 1104 1103 sihi
1123 1041 1254 1119 primum

99 1129 296 1190 occurrisset
322 1125 447 1188 offerret
474 1120 560 1188 deo?
596 1125 714 1187 Melius
742 1127 843 1189 fuerat
869 1127 944 1188 nibil
968 1126 1041 1188 tale
1063 1126 1253 1206 promittere,

100 1231 200 1294 quam
220 1213 404 1292 promissum
424 1212 549 1272 solvere
569 1211 741 1291 parricidio.
782 1214 862 1274 Item
888 1212 921 1273 in
945 1210 1021 1273 libro
1042 1212 1153 1274 tertio:
1183 1211 1253 1297 Pp-

99 1317 171 1362 rum
192 1299 287 1380 igitur
307 1315 346 1358 ao
367 1298 523 1358 sinoemm
544 1305 666 1376 oportet
687 1316 762 1359 esse
784 1297 950 1378 affectum,
977 1305 1012 1358 ut
1037 1296 1253 1377 unusquisque

98 1384 276 1464 simplicem
297 1401 472 1444 sermonem
492 1383 637 1462 proferat,
653 1401 713 1444 vas
729 1402 820 1444 suum
840 1384 870 1445 in
892 1383 1060 1444 sanctitate
1080 1381 1253 1464 possideat,

98 1489 164 1534 nec
184 1470 308 1530 fratrem
332 1469 618 1547 circumscriptione
628 1467 665 1546 4)
685 1469 846 1547 uerbomm
867 1467 994 1529 inducat
1008 1467 1060 1548 ⁵),
1082 1468 1157 1529 nihil
1176 1485 1253 1546 pro·-

99 1557 209 1618 mittat
234 1554 447 1633 inhonestum,
475 1571 515 1614 ac
538 1554 566 1614 si
588 1554 761 1632 promiserit
774 1553 808 1631 ο)
837 1553 1025 1616 tolerabilius
1047 1561 1099 1615 est
1117 1553 1254 1632 promis-

102 1659 176 1702 sum
197 1657 260 1699 non
285 1639 404 1720 faeere,
431 1656 524 1718 quum
545 1639 651 1700 facere
673 1636 755 1718 quod
775 1647 865 1719 turpe
886 1639 938 1711 sit.
978 1637 1085 1718 Saepe
1111 1637 1251 1719 plerique

102 1725 323 1806 constringunt
344 1741 381 1784 se
397 1721 594 1803 jurisjurandi
615 1732 832 1804 sacramento,
861 1732 984 1786 etcum
1005 1725 1070 1804 ipsi
1086 1741 1252 1806 cognove-

102 1812 166 1874 rint
187 1809 423 1890 promittendum
444 1829 505 1869 non
525 1809 642 1888 iirisse,
672 1810 859 1870 sacramenti
871 1808 904 1887 ⁷)
931 1818 1037 1871 tamen
1055 1809 1253 1889 contempla·-

102 1897 192 1958 tione
209 1895 327 1956 faciunt
344 1893 427 1974 quod
444 1894 680 1975 spopomlerint3
702 1896 785 1956 siout
806 1895 846 1956 de
859 1895 986 1958 Herode
1005 1914 1099 1975 supra
1120 1895 1253 1974 scripsi-

103 1999 184 2062 mus,
208 1985 261 2060 qui
281 1980 431 2042 saltatrici
451 1981 620 2060 praemimn
640 1981 769 2060 turpiter
788 1982 937 2061 promisit,
957 1981 1122 2043 crudeliter
1141 1980 1251 2042 solvit:

103 2077 195 2148 turpe
208 2065 241 2143 ⁸)
267 2065 350 2146 quod
375 2085 506 2148 rognum
532 2085 588 2145 pro
609 2067 777 2127 saltatione
796 2067 996 2146 promittitur,
1023 2066 1148 2129 crudele
1168 2063 1252 2146 quod

104 2171 189 2216 mors
214 2151 386 2232 prophetae
407 2170 462 2231 pro
485 2149 684 2230 jurisjurandi
703 2153 853 2234 religione
872 2152 1013 2214 donatur.
1053 2149 1177 2228 Quanto
1199 2159 1254 2212 to-

104 2238 261 2311 lerabilius
280 2234 389 2313 talea)
421 2237 534 2298 fuisset
553 2235 717 2316 perjurium
737 2233 961 2300 sacramento?
994 2237 1037 2297 m
1057 2245 1130 2316 post
1150 2253 1253 2316 pauca

107 2325 147 2386 de
164 2323 282 2402 Jephte
302 2321 475 2382 disserens:
488 2385 490 2389 ,
503 2322 707 2402 Miserabilis,
730 2324 846 2404 inquit,
866 2322 1060 2402 necessitas,
1082 2341 1164 2402 quae
1185 2321 1254 2382 sol-

107 2410 189 2470 vitur
209 2406 380 2486 parricidio.
411 2407 526 2468 Melius
549 2416 682 2469 estnon
702 2427 831 2487 vovere,
853 2425 946 2488 quam
965 2425 1084 2468 vovere
1105 2406 1147 2488 id,
1169 2405 1253 2486 quod

107 2495 167 2558 sibi
188 2493 232 2572 is,
254 2493 305 2556 cui
326 2493 524 2572 promittitur,
550 2493 628 2554 nolit
648 2495 780 2556 exsolvi.
821 2495 864 2556 m
883 2501 957 2572 post
976 2493 1149 2573 paululum:
1176 2493 1253 2554 Non

108 2597 231 2658 semper
257 2579 351 2661 igitur
376 2577 528 2658 promissa
553 2577 706 2640 solvenda
733 2579 836 2640 omnia
862 2586 946 2641 sunt.
1005 2577 1150 2657 Denique
1181 2577 1253 2656 ipse

108 2665 265 2742 dominuS,
294 2663 377 2724 sicut
400 2665 553 2742 scriptura
579 2663 713 2745 indicat,
739 2665 915 2745 frequenter
940 2679 1030 2724 suam
1055 2670 1155 2726 mutat
1175 2680 1255 2725 sen-

107 2751 234 2814 tentiam
246 2746 310 2827 ιο).
352 2747 411 2812 Vir
431 2767 554 2828 quoquo
575 2750 794 2812 sanctissimus
812 2749 1013 2832 Augustinus
1032 2748 1256 2830 vestigationis

109 2837 249 2900 acumine
278 2841 407 2914 cautus,
437 2835 616 2897 inveniendi
644 2843 712 2896 arte
740 2837 944 2916 praecipuus,
971 2834 1133 2896 asserendi
1161 2835 1255 2914 copia

108 2922 253 3002 prolluus,
274 2920 471 2998 eloquentiae
491 2920 567 2980 llore
587 2929 752 3002 venustus,
773 2921 948 3001 sapientiae
967 2919 1070 2982 fructu
1088 2919 1253 3000 fecundus,

109 3007 188 3069 haec
216 3007 248 3065 in
280 3005 349 3066 suis
381 3013 484 3066 narrat
511 3004 742 3084 affatibus,¹¹):
784 3007 855 3068 Duo
881 3013 955 3068 sunt
983 3007 1105 3066 omnino
1133 3023 1254 3084 genera

111 3090 351 3167 mendaciomm,
372 3089 403 3150 in
425 3091 536 3171 quibus
556 3107 750 3174 nonmagna
771 3093 864 3172 culpa
885 3099 956 3172 est,
985 3091 1044 3153 sed
1064 3099 1171 3153 tamen
1190 3109 1254 3150 non

111 3186 181 3241 sunt
208 3177 277 3238 sine
303 3175 410 3256 culpa,
431 3193 503 3238 cum
532 3186 586 3237 aut
610 3175 768 3257 jocamur,
796 3186 851 3238 aut
878 3175 962 3258 quod
988 3173 1256 3256 promisimusw}

111 3263 280 3329 mentimur.
320 3261 397 3323 lllud
418 3263 548 3341 primum
569 3263 600 3324 in
617 3263 752 3342 jocando
774 3262 845 3324 ideo
866 3282 928 3325 non
949 3271 1001 3322 est
1024 3259 1256 3340 perniciosissi-

110 3368 206 3429 mum,
228 3348 374 3428 quianon
393 3347 489 3428 fallit3
509 3349 597 3408 novit
609 3349 690 3408 enim
704 3349 755 3407 ille
776 3349 827 3408 cui
848 3347 969 3426 dicitur,
979 3345 1044 3426 jooi
1062 3364 1160 3406 causa
1179 3363 1256 3408 esse

110 3436 233 3500 dietum.
260 3431 439 3494 Secundum
454 3441 559 3496 autem
576 3433 646 3496 ideo
659 3435 780 3494 mitius¹
790 3432 824 3511 ³)
838 3441 897 3512 est,
911 3433 984 3512 quia·
997 3432 1110 3494 retinet
1122 3430 1256 3494 nonnul-

111 3521 170 3580 lam
179 3518 437 3579 benevolentiam.
457 3518 603 3597 itemst)
616 3521 700 3597 ipse:
713 3519 788 3582 Non
802 3519 932 3596 auferat,
944 3517 1051 3598 inquit,
1062 3518 1179 3578 veritas
1193 3517 1256 3577 mi·

113 3601 316 3679 sericordiam,
329 3600 453 3680 neol⁵)
468 3604 677 3668 misericordia
696 3603 844 3682 impediat
858 3603 1040 3684 veritatem3
1060 3603 1088 3664 si
1106 3603 1186 3662 enim
1200 3620 1256 3682 pro

113 3689 242 3750 veritate
259 3694 313 3746 aut
327 3687 417 3767 quasi
430 3689 529 3770 rigida
542 3691 676 3750 veritate
693 3690 806 3750 oblitus
822 3691 916 3760 fueris
930 3687 1179 3766 misericordiam,
1193 3705 1256 3748 non

113 3771 280 3836 ambulabis
300 3771 331 3832 in
352 3773 407 3836 via
426 3773 554 3854 domini,
578 3774 608 3836 in
630 3793 692 3854 qua
708 3775 928 3836 misericordia
949 3779 982 3834 et
1003 3774 1122 3834 veritas
1146 3771 1255 3832 obvia-

114 3863 227 3936 verunt,
246 3855 311 3919 sibi
328 3855 391 3938 ιθ).
443 3859 564 3924 Beatus
594 3861 689 3924 etiam
720 3877 802 3942 papa
830 3857 1019 3946 Gregorius,
1048 3865 1083 3922 et
1108 3856 1193 3922 libris
1221 3863 1257 3922 at

112 4021 302 4037 Μ...-

146 4091 175 4199 ἓ)
193 4091 313 4172 ambros,
330 4091 376 4143 lib.
389 4094 413 4143 1.
432 4109 489 4162 cap.
506 4092 548 4146 50.
584 4122 629 4174 ,—
681 4095 710 4162 ²)
728 4096 842 4161 politum
859 4093 886 4146 in
905 4113 939 4147 nr.
956 4095 993 4148 Μ.
1011 4091 1212 4158 -Mattlr.14,
1230 4093 1256 4147 7.

148 4167 175 4296 a
191 4163 449 4284 {irruunt
464 4163 613 4300 ··ι
632 4165 1097 4301 ι.ιι..ι..ῑιιιιιις
1114 4165 1223 4285 tt:

148 4299 175 4364 l)
192 4299 233 4363 p‘os
250 4303 404 4352 sacramenti
420 4303 448 4353 in
465 4319 500 4353 m.
519 4301 555 4354 M.
590 4331 626 4341 —-
671 4304 700 4370 ⁸)
718 4311 793 4370 trappe
810 4305 917 4356 ostili·
934 4332 969 4345 ·-
1010 4301 1039 4370 ⁹)
1057 4305 1106 4354 tali
1122 4303 1150 4354 in
1168 4319 1202 4355 nr.
1219 4302 1259 4354 Μ.

130 4369 176 4436 ¹⁰)
194 4368 250 4418 Jon.
269 4369 300 4432 3,
320 4371 362 4422 10.
404 4400 449 4429 ——s
484 4372 534 4439 Η)
553 4371 686 4434 affectibus
702 4373 731 4424 in
748 4389 782 4428 nr.
802 4373 839 4425 Μ.
872 4405 908 4415 -
937 4373 1194 4439 1²)rmtproarimt's
1212 4373 1257 4422 AE.

179 4437 234 4488 BR.
254 4436 288 4490 Τ.
300 4441 326 4491 1.
341 4443 366 4492 2.
386 4445 413 4493 et
429 4443 481 4504 Μ.,
499 4450 545 4493 out
561 4443 627 4509 quod
643 4445 805 4508 promisimus
820 4447 939 4511 praecinto
956 4444 988 4494 U.
1007 4443 1040 4494 G.
1045 4480 1055 4508 ,
1079 4449 1125 4493 ortt
1140 4459 1189 4510 pro
1207 4444 1259 4492 ort-

156 4513 157 4518 ’
180 4508 336 4574 sericordio,
354 4512 388 4562 al.
405 4519 450 4564 out
467 4526 516 4578 pro
532 4513 672 4579 prooeimis,
691 4516 724 4564 al,
743 4520 788 4564 ortt
804 4530 859 4564 oum
875 4513 1046 4580 promittimus
1062 4511 1090 4565 in
1108 4527 1141 4564 m.
1159 4513 1197 4565 Μ.
1222 4539 1257 4551 ·-

132 4575 177 4643 ¹³)
194 4578 279 4628 natoue
294 4578 321 4630 in
342 4597 375 4632 nr.
393 4580 431 4634 M.
481 4607 518 4620 -·
567 4581 616 4648 Ν)
635 4583 691 4633 ideo
708 4585 744 4634 M.
790 4612 826 4622 --
876 4583 1043 4651 ¹⁸)nopltl
1076 4609 1112 4622 -

132 4647 177 4717 Μ)
194 4647 290 4701 Psalrn.
308 4650 359 4718 85,
376 4650 419 4706 11.
446 4650 498 4708 rid.
516 4668 541 4720 p.
559 4653 620 4707 273.
645 4658 697 4706 not.
717 4652 759 4706 19.
794 4683 828 4694 -
