2880 5050
333 271 577 348 confflem
597 269 868 348 'l'Offl'l'ANUM
887 274 944 337 xt
1151 275 1216 340 307

5 465 9 500 ι
58 451 185 516 alienas
210 455 266 512 cst
283 465 305 509 a
329 445 456 528 salutar
480 443 528 508 sio
548 443 671 524 {quippe
695 442 805 506 mulier
829 442 887 506 illa·
909 445 940 504 in
969 445 1136 529 evangelio
1164 454 1213 512 ter

5 539 9 592 i
59 537 152 602 senis
179 547 328 598 annorum
353 531 537 594 excursibus
565 547 679 610 curva,
708 545 790 609 quae
815 527 946 610 figuram
967 530 1065 594 totius
1085 533 1212 613 generis

4 621 10 680 l
59 621 189 686 humani
209 619 376 702 gestabat,
398 619 456 679 snb
478 623 676 678 sacramento
697 612 791 694 hujus
810 615 929 676 numeri
949 616 1043 677 saluti
1062 618 1212 696 pristinae

4 727 9 768 ι
61 727 82 769 a
104 707 262 768 salvatore
283 704 423 764 donatur.
464 701 535 762 Nos
555 701 650 782 igitur
670 719 726 779 per
747 706 794 760 tot
815 717 915 762 anuos
942 717 1039 762 curvo
1052 701 1084 779 ¹)
1112 705 1212 767 nostri

4 797 8 854 l
60 791 177 854 ordinis
198 790 388 870 persistente
410 793 498 847 statu
519 786 550 845 in
572 804 621 866 eo,
645 783 728 865 quod
748 783 910 846 nullanus
932 787 1130 848 conciliorum
1151 788 1212 850 de-

59 877 160 940 finitio
183 875 350 957 jungeret,
386 872 489 934 nullos
524 871 618 934 etiam
650 877 828 933 conventus
856 869 1070 936 ecclesiastici
1096 873 1211 937 ordinis

4 993 6 1028 r
59 961 225 1040 adunaret,
246 959 373 1024 tandem
395 957 520 1020 divinae
539 956 713 1016 voluntatis
733 951 860 1034 imperio
882 963 916 1016 et
935 956 1073 1039 religiosi
1093 959 1211 1038 princi-

58 1049 112 1128 pis
134 1045 229 1126 jussu
250 1039 386 1106 ¹evocati
413 1043 444 1102 in
466 1042 650 1102 Toletanam
670 1040 778 1100 urbem
799 1041 1013 1104 convenimus.
1055 1039 1117 1120 Qui
1138 1064 1212 1110 cum

4 1169 5 1176 κ
59 1134 95 1194 in
116 1131 255 1194 ecclesia
275 1131 390 1191 beatae
406 1126 537 1207 virginis
551 1125 672 1188 Mariae
694 1123 808 1186 debitis
828 1125 859 1186 in
880 1125 1010 1190 sedibus
1028 1128 1211 1213 locaremur,

60 1218 144 1280 inter
172 1224 297 1295 cetera,
323 1232 405 1294 quae
432 1212 592 1274 subterius
617 1209 756 1273 (lenate
783 1210 987 1288 capitulorum
1008 1215 1115 1277 ordine
1136 1226 1212 1279 sunt

60 1302 202 1384 digesta,
217 1319 282 1366 non
303 1298 427 1363 alaude
447 1297 581 1377 primum
599 1297 764 1376 coepimus
780 1295 895 1359 habere
916 1315 1102 1382 sermonem,
1116 1321 1211 1382 quam

60 1389 106 1460 de
124 1396 250 1452 nrmtrae
262 1385 297 1463 ²)
318 1384 392 1446 fidei
411 1385 555 1463 puritate,
576 1391 613 1444 ut
633 1383 707 1464 quia
726 1380 884 1445 initiandis
904 1382 945 1444 ad
965 1385 1091 1448 beatam
1110 1389 1211 1455 vitam

58 1473 237 1536 hominibus
259 1471 340 1534 baec
360 1469 460 1550 prima
479 1485 605 1547 semper
617 1465 652 1545 ³)
679 1475 731 1530 est
751 1467 805 1528 via
824 1468 950 1550 salutis,
980 1472 1109 1549 praevia
1128 1491 1211 1552 quo-

60 1575 124 1638 qne
155 1557 273 1621 nostris
300 1555 392 1621 lieret
423 1562 459 1616 et
488 1553 640 1617 institutis
670 1553 785 1633 pariter
815 1561 849 1614 at
878 1557 1066 1635 praeceptis.
1117 1558 1209 1622 Unde

61 1644 104 1705 de
117 1641 153 1719 ⁴)
183 1660 274 1704 sacro
303 1639 396 1720 hujus
423 1639 638 1702 instructionis
664 1657 778 1700 arcano
804 1646 983 1702 sanctorum
1004 1649 1127 1722 patmm
1146 1645 1210 1706 Ni-

61 1728 156 1791 caeni
175 1727 298 1790 scilicet
319 1735 351 1788 et
372 1723 719 1805 constantinopolitani,
739 1723 892 1804 Ephesini
913 1733 1008 1806 atque
1028 1727 1212 1790 Chalcedo-

59 1813 175 1876 nensis
193 1812 391 1876 conciliorum
410 1811 528 1872 monita
548 1810 796 1890 amplectentes,
825 1828 882 1889 per
901 1829 983 1891 quae
1006 1820 1040 1874 et
1059 1813 1211 1878 radicitus

58 1899 290 1962 imereticomm
315 1897 396 1960 falsa
421 1896 646 1966 concinnabula
658 1895 692 1974 ⁵)
719 1895 919 1956 destruuntur
948 1905 981 1958 et
1000 1897 1074 1960 fidei
1095 1900 1211 1962 catho-

57 1986 142 2048 licae
167 1984 276 2063 limpor
290 1981 325 2060 6)
356 1981 488 2044 evidens
517 1981 713 2059 declaratm,
744 1980 806 2045 boc
839 1982 995 2046 communi
1027 1985 1211 2067 alternoque

59 2071 234 2133 annnorum
254 2067 372 2148 judicio
394 2067 609 2146 delinivimus,
637 2075 673 2128 ut
693 2066 774 2128 hanc
794 2066 895 2145 ipsam
913 2077 1041 2131 nostrae
1061 2068 1136 2133 fidei
1156 2091 1211 2134 re·

61 2156 166 2235 galam
178 2155 283 2218 verbis
297 2154 490 2234 simplicibus
503 2153 670 2216 niteremur
690 2152 864 2214 alternatim
883 2154 974 2216 nobis
994 2155 1211 2238 singulariter-

61 2261 123 2323 que
144 2241 275 2304 referre:
304 2241 350 2303 ita
369 2248 405 2305 ut
421 2237 572 2320 quidquid
592 2257 648 2318 per
673 2237 808 2299 triduum
835 2237 875 2298 de
902 2239 1079 2319 hujusmodi
1108 2261 1211 2324 quae-

61 2327 217 2390 stionibus
236 2327 413 2404 unicuique
438 2332 614 2387 nostrorum
640 2323 786 2386 lectionis
811 2325 961 2388 memoria
987 2328 1210 2411 ministrasset,

61 2419 155 2491 prout
183 2411 292 2474 animis
322 2411 375 2472 vel
407 2410 574 2478 momoriae
608 2409 817 2487 occurrisset,
856 2409 939 2472 omni
976 2413 1156 2478 sobrietatis
1174 2414 1209 2494 ⁷]

63 2496 247 2575 compendio
268 2495 400 2575 simplici
419 2503 580 2556 notaretur
600 2494 673 2556 stilo
683 2538 693 2574 ,
722 2493 831 2556 relatio
853 2501 958 2556 tamen
978 2496 1078 2576 ipsius
1098 2518 1211 2562 sacra-

62 2582 159 2643 menti
186 2601 263 2662 pura
291 2589 324 2642 et
351 2581 528 2642 evidensa
558 2580 663 2661 capite
689 2579 820 2657 primum
848 2578 1015 2663 inciperet,
1043 2591 1077 2642 et
1098 2586 1147 2648 sic
1168 2583 1209 2646 ad

62 2667 200 2730 membra
220 2667 341 2747 reliqua
358 2668 552 2746 perveniret,
573 2665 674 2726 nullas
695 2663 895 2732 obscuritatis
915 2665 947 2726 in
968 2684 1005 2728 se
1025 2667 1125 2732 lineas
1147 2670 1209 2732 ha-

61 2753 161 2834 bens,
177 2753 278 2814 nullas
300 2753 396 2814 etiam
416 2752 584 2813 inusitatae
605 2749 770 2812 locutionis
791 2749 918 2830 regulas
940 2752 1119 2834 continens,
1148 2755 1209 2818 sed

61 2839 180 2920 puritas
201 2839 270 2900 sola
291 2846 380 2900 esset
402 2837 487 2902 clara
507 2853 698 2913 sermonum,
727 2853 809 2914 quae
835 2844 947 2914 posset
973 2837 1163 2903 evidentiam
1174 2841 1210 2920 ⁸)

62 2925 235 3002 exprimere
256 2921 470 3001 sensuum0),
492 2939 553 3001 quo
575 2920 811 2982 exercitatiores
832 2939 890 2982 nos
912 2920 952 2984 ad
974 2922 1209 3007 intelligendum

62 3007 208 3070 redderet
232 3009 397 3070 verbanno
425 3007 559 3085 simplex
594 3006 736 3086 collatio,
770 3023 862 3086 quam
893 3008 994 3070 relata
1029 3010 1209 3076 condensae

61 3093 208 3154 lectionis
234 3093 417 3173 instmcti03
447 3093 520 3172 qnia
548 3100 581 3155 et
606 3110 720 3160 revera
743 3097 852 3166 tantae
878 3091 996 3171 rei10)
1025 3099 1209 3178 mysterium

61 3179 107 3240 ita
127 3177 312 3240 sacerdotes
333 3176 384 3240 dei
404 3177 553 3242 convenit
572 3191 689 3260 nasse,
714 3184 751 3238 nt
774 3196 837 3250 non
859 3177 1024 3258 superficie
1045 3183 1209 3246 verborum

61 3263 230 3326 elimentur
249 3264 417 3346 incogniti,
436 3264 584 3326 sensibus
603 3281 681 3326 sane
700 3261 926 3343 intelligentiae
946 3267 1138 3343 reperiantur
1157 3271 1209 3332 in-

60 3349 192 3431 structi,
213 3357 249 3410 ut
269 3351 302 3410 in
322 3348 504 3413 disserendo
521 3347 577 3426 Η)
592 3409 594 3416 ,
605 3347 773 3427 praecipue
794 3345 886 3425 hujus
907 3357 1038 3414 sanctae
1060 3353 1210 3425 trinitatis

60 3455 175 3498 armno
202 3436 274 3515 plus
304 3435 464 3498 evidentia
490 3453 583 3515 quam
610 3431 788 3514 eloquentia
817 3449 873 3494 eos
896 3431 1013 3502 efficiat
1033 3448 1208 3518 saporatos.

61 3521 118 3582 Sic
145 3521 228 3580 enim
255 3527 290 3580 et
318 3519 414 3582 divini
439 3522 576 3582 muneris
606 3517 686 3580 dono
713 3525 765 3580 est
785 3525 905 3599 actum,
934 3527 969 3580 ut
985 3518 1078 3600 juxta
1098 3535 1208 3591 votum

62 3603 251 3666 delinitionis
265 3604 403 3666 alternae
417 3607 581 3683 promissio
602 3611 824 3666 monstraretur
843 3603 875 3664 in
897 3623 1007 3684 opere:
1029 3608 1112 3674 unde
1125 3611 1209 3692 quod

61 3689 159 3770 primo
181 3686 233 3748 die
253 3687 459 3767 praesidentis
480 3689 708 3769 metropolitani
729 3690 835 3772 lingua
860 3690 1012 3772 proludit,
1041 3693 1091 3758 die
1113 3699 1209 3763 tertia

60 3774 195 3838 omnium
222 3782 395 3836 nostrorum
421 3794 486 3836 vox
512 3775 693 3858 singillatim
707 3773 760 3853 ¹²)
790 3775 937 3836 collative
966 3780 1100 3856 repetiit.
1131 3784 1208 3844 'Iste

60 3879 137 3943 ergo
164 3866 216 3920 est
235 3867 326 3921 tenor
344 3859 418 3923 fidei
437 3869 581 3942 nostrae,
611 3862 663 3940 qui
691 3868 724 3922 et
746 3877 766 3918 a
786 3859 891 3937 capite
911 3861 1040 3940 copiose
1060 3866 1209 3946 profluxit

61 3956 94 4009 et
114 3963 134 4006 a
153 3945 298 4008 membris
318 3945 524 4027 prolatus1³)
543 3946 679 4029 gloriose
700 3942 903 4021 emicuit14).
943 3978 988 3992 --

143 4031 234 4093 Haec
260 4040 313 4093 est
339 4032 549 4095 confessionis
574 4040 702 4092 nostrae
729 4029 809 4091 fides
839 4031 1001 4111 exposita,
1029 4051 1086 4114 per
1113 4053 1207 4118 quam

57 4115 192 4178 omnium
211 4116 440 4180 haereticorum
456 4115 571 4200 dogma
586 4117 753 4198 perimitur,
771 4133 936 4196 perquam
956 4116 1093 4181 fidelium
1113 4118 1208 4204 corda

57 4239 255 4256 „nn-

94 4301 123 4369 ²)
141 4306 212 4354 nnat
227 4301 266 4355 Μ.
300 4329 336 4338 —
384 4298 414 4367 ²]
430 4307 519 4352 mereto
530 4287 573 4364 Μ.
608 4326 643 4364 ,-
689 4297 718 4366 3)
736 4313 835 4367 seraper
852 4297 926 4368 deest
943 4315 986 4370 ep.
1002 4302 1040 4357 M.
1073 4335 1109 4348 ...

74 4374 123 4438 ,4)
142 4372 173 4423 dr
194 4371 269 4424 deest
285 4385 327 4438 ap.
344 4369 382 4421 M.
429 4399 465 4432 -,-
517 4375 529 4434 ᾇ
568 4367 891 4425 contravenirent.
937 4398 972 4410 ·-
1025 4371 1054 4439 ὃ)
1072 4391 1163 4428 aomar
1178 4372 1208 4431 in

126 4457 162 4494 m.
179 4441 217 4492 M.
251 4467 288 4482 ·-
323 4439 452 4508 ornaretis
468 4438 536 4502 aab¹
563 4441 665 4495 enitatis
680 4439 717 4494 M.
752 4467 788 4478 -
823 4437 852 4504 ⁸)
871 4438 1153 4514 evidentem..senecnr
1169 4445 1207 4504 Μ.

74 4509 655 4646 ffl‘ll‘l'llssztttlttlolltn
699 4506 749 4616 Ἰ)
766 4508 981 4645 itidem..
999 4511 1209 4642 ll'dlt‘llss

73 4580 446 4718 1⁸)11pe12,nr.n,mhot,p⁰,⁰
463 4616 690 4714 suessionen,
708 4627 787 4716 qnam
804 4646 947 4706 omisimus.
983 4676 1019 4688 -
1164 4645 1167 4654 ⁴

962 4731 1039 4798 20*
