2916 5050
199 267 271 348 uid
461 263 597 344 cutus
620 255 841 342 maists
861 263 1099 340 marctutu

205 438 371 524 mmai,
400 439 636 510 tammum
663 439 1038 524 mmmmumsom
1065 435 1200 516 clericas
1227 437 1288 519 (ut
1316 437 1362 508 de

207 525 301 596 laicis
319 524 507 606 tsoeamus)
534 526 656 595 haidiia
672 524 903 608 oppresserint,
932 523 1090 591 nodosior
1113 524 1210 589 etan
1235 523 1362 606 aliquas

209 612 400 700 massam,
430 613 552 694 almum
576 611 725 682 mandem
750 610 1180 696 commendandarum
1201 606 1269 692 jam
1287 611 1362 678 clos

205 697 347 765 aarum
365 704 420 760 est
437 697 613 778 moenere,
633 707 669 762 nt
689 697 828 764 maesia
846 696 1011 776 catholica,
1030 713 1111 776 quae
1132 712 1191 762 eoa
1211 695 1363 778 religiosa

207 789 301 849 ιιιοιιι
321 781 353 846 ia
372 781 499 848 Christo
519 784 629 865 genuit
647 791 682 846 et
695 782 777 850 ‚fidel
795 781 940 850 hanimo
960 781 1105 862 nutrivit,
1136 797 1243 850 eontra
1264 782 1363 848 etiam

207 867 431 950 anapestione
449 870 619 950 muniatur,
637 889 678 934 no
699 869 853 934 temerarii
870 867 1013 934 honines
1031 867 1189 948 religiosis
1210 868 1364 946 tempori-

211 953 276 1020 hos
294 951 430 1018 infirmos
449 955 582 1034 populos
603 953 746 1020 terrendo
766 954 983 1034 praevaleant,
1012 955 1157 1034 numiam
1177 951 1362 1020 seducendo

131 1084 138 1095 ·
210 1037 385 1118 donavere
405 1057 467 1102 non
488 1049 628 1119 possum
673 1041 760 1106 Nota
777 1039 934 1104 estasim
963 1047 996 1104 et
1016 1056 1113 1116 saepe
1134 1037 1260 1119 legibus
1280 1056 1364 1101 con-

209 1123 349 1191 dmm
365 1123 663 1206 circumcellionum,
683 1144 746 1206 qua
765 1125 884 1204 urunt,
907 1123 1104 1210 detestabilis
1122 1140 1250 1205 manus,
1279 1141 1364 1204 quae

215 1209 311 1278 “ists
337 1209 474 1288 ipsonrnt
499 1211 800 1292 religiosissimorum
827 1227 923 1288 supra
953 1209 1123 1290 principum
1139 1207 1364 1288 ,frequentibus

209 1291 428 1362 unionibus
446 1294 653 1362 condemnata
679 1304 752 1376 eat,
778 1293 934 1358 alvercos
952 1311 1081 1375 quorum
1099 1293 1234 1378 furorem
1253 1294 1365 1372 possi·

209 1395 285 1446 mus
303 1397 367 1446 noo
386 1379 510 1446 irrsolita
529 1400 591 1454 pec
611 1399 632 1447 a
650 1380 812 1461 scipturis
831 1379 957 1445 mactis
973 1379 1077 1448 aliena
1089 1377 1255 1458 inpetrare
1267 1397 1366 1458 prae·

172 1483 180 1495 ⁸
208 1462 312 1545 sidia,
339 1463 462 1545 quando
487 1466 650 1546 apostolus
675 1465 812 1548 Paulus,
832 1465 919 1532 siout
945 1463 975 1526 in
1004 1463 1214 1544 apostolerum
1238 1464 1365 1531 actibus

213 1547 358 1620 fidelibus
384 1558 491 1614 notum
518 1559 592 1632 est,
628 1550 1106 1630 beuoeoranaonspnauonem
1126 1547 1247 1613 militari
1268 1550 1364 1620 etiam

210 1633 373 1698 submovit
393 1635 517 1698 auxilio.
556 1621 706 1700 Sed'uos
725 1633 800 1700 illud
819 1637 993 1716 poscimus,
1015 1643 1051 1698 ut
1069 1633 1233 1700 catholicis
1254 1635 1365 1700 eecle-
1443 1661 1444 1682 ι

210 1719 330 1786 siarum
350 1719 506 1786 ordinibus
518 1718 550 1800 ¹)
571 1741 626 1802 per
645 1722 793 1786 civitates
814 1721 956 1803 singulas
976 1729 1009 1784 et
1026 1719 1197 1784 vicinorum
1214 1737 1364 1800 quoruttt·¹
1443 1755 1444 1770 2

215 1821 279 1886 que
298 1821 517 1886 possessorum
539 1821 601 1885 per·
619 1806 746 1872 diversa
770 1805 841 1870 loca
861 1807 930 1868 sine
951 1805 1013 1868 ulla
1029 1803 1279 1871 dissimulatione
1300 1805 1365 1868 tui-

215 1891 260 1956 tto
278 1891 474 1970 praebeatur.
515 1891 615 1955 Simul
640 1892 735 1956 etiam
761 1889 947 1972 petendum,
974 1898 1010 1957 ut
1030 1890 1112 1955 illam
1132 1889 1254 1974 tegern,
1281 1907 1364 1972 quae

210 1993 237 2040 a
257 1974 424 2058 religiosae
442 1978 611 2040 memoriae
629 1995 736 2041 aonam
754 1983 843 2056 patre
864 1974 1042 2040 Theodosio
1054 1973 1089 2054 ²)
1118 1973 1158 2040 de
1187 1976 1254 2038 auri
1280 1975 1366 2040 libris
1444 1985 1445 2014 ³

214 2058 328 2126 docem
355 2061 385 2122 in
413 2060 604 2126 ordinatores
630 2061 682 2124 vel
710 2060 869 2126 ordinatos
899 2061 1075 2124 haereticos
1111 2077 1169 2126 scu
1201 2061 1298 2124 etiarn
1332 2061 1364 2126 io

216 2157 436 2228 possessores,
463 2147 516 2210 uhi
536 2166 641 2210 eorum
661 2147 867 2230 congregatio
887 2143 1141 2227 deprehendite,
1170 2145 1366 2225 promulgata

216 2237 286 2310 est,
306 2230 351 2292 ito
370 2229 521 2312 deinceps
542 2231 940 2320 confirmaripreecipiant,
960 2239 996 2296 ut
1018 2231 1047 2292 in
1069 2248 1128 2298 eoa
1146 2231 1259 2310 valeat,
1280 2249 1367 2294 con·

217 2323 265 2379 uo
285 2333 365 2400 quos
384 2325 509 2402 propter
530 2337 635 2382 eornm
655 2317 785 2380 insidias
805 2317 959 2392 catholici,
971 2316 1132 2398 provocati
1155 2317 1367 2378 contestatio·
1445 2391 1446 2394 Ἴ

170 2438 174 2448 ·
217 2417 289 2474 netn
309 2397 517 2485 deposuerint,
541 2412 576 2466 ut
596 2403 657 2466 hoc
676 2403 788 2470 saltem
809 2409 926 2466 terrore
946 2421 967 2465 a
987 2401 1189 2466 schismatica
1208 2399 1262 2462 vel
1280 2400 1365 2462 hae·
1394 2423 1397 2430 ·
1445 2395 1446 2422 ¹

217 2486 315 2551 retica
341 2487 496 2567 pravitate
516 2489 712 2572 desciscant,
741 2489 800 2569 (ptri
814 2487 1061 2551 consideratione
1083 2486 1201 2564 aeterni
1221 2486 1365 2572 supplicii

216 2571 373 2636 emendari
394 2575 568 2657 corrigique
587 2574 791 2638 dissimulant.
822 2573 996 2638 Petendunr
1017 2573 1120 2652 etiarm
1142 2571 1259 2652 ut'lerr,
1281 2589 1363 2654 quae

179 2715 182 2724 .
215 2657 383 2724 haereticis
411 2677 452 2721 ex
481 2659 697 2723 donationibus
722 2659 775 2720 vel
805 2677 847 2722 ex
867 2659 1065 2724 nannenus
1075 2655 1199 2738 altqntd
1219 2654 1365 2736 mpiendi

215 2742 270 2804 vel
295 2742 485 2824 relinquendi
512 2743 650 2828 denegat
677 2745 872 2824 facultatem,
899 2746 938 2806 ab
963 2761 1220 2824 eorumquoque
1244 2743 1366 2824 pietate
1446 2799 1447 2812 ,

216 2827 372 2896 hactenus
393 2835 567 2912 repetatur,
591 2837 630 2892 ut
657 2830 704 2892 eis
724 2829 914 2912 relinquendi
934 2830 986 2892 vel
1006 2828 1146 2890 sumendi
1163 2825 1217 2908 §trs
1233 2827 1365 2908 adimat,

218 2911 273 2994 qui
299 2913 490 2994 pertinaciae
517 2915 618 2976 furore
644 2916 767 2978 coecati
788 2917 818 2980 in
839 2916 1069 2978 Donatistarum
1090 2927 1191 2975 errore
1205 2930 1367 2993 perseve-
1404 2937 1408 2944 ·

216 3016 286 3062 rare
316 2998 479 3066 voluerint
521 2999 674 3067 ceterum
697 3001 778 3082 illis,
813 3001 868 3082 *qni
896 2999 1300 3080 considerationcuoitatia
1333 3006 1367 3060 et

218 3082 310 3164 pacis
331 3102 368 3146 se
389 3085 545 3166 corrigere
565 3085 733 3169 voluerint,
756 3087 881 3168 „absque
908 3085 1071 3147 interdicto
1091 3082 1183 3164 hujus
1202 3083 1286 3166 legis
1306 3101 1367 3146 ca·

215 3167 351 3250 piendae
372 3169 574 3235 haereditatis
594 3170 697 3236 aditus
717 3179 835 3254 pateat,
859 3171 888 3232 si
907 3170 1011 3238 adhuc
1032 3170 1063 3235 io
1084 3188 1186 3232 errore
1205 3167 1367 3232 haeretico

182 3255 397 3340 goonstitutis
416 3255 532 3340 ,aliquid
554 3264 627 3320 ante
649 3257 824 3320 donationis
843 3255 896 3318 vel
925 3254 1126 3318 haereditatis
1157 3253 1284 3318 obvenit
1314 3253 1380 3336 his,
1408 3305 1413 3324 ,

219 3357 299 3406 sanc
321 3343 482 3422 exceptis,
510 3343 563 3424 qui
584 3343 639 3404 lite
659 3343 774 3424 pulsati
794 3341 972 3420 putaverint
992 3339 1032 3404 ad
1054 3339 1240 3404 catholicam
1260 3345 1367 3400 trans-

218 3423 371 3505 eundum,
401 3427 534 3508 quiade
556 3427 669 3492 talibus
689 3427 836 3490 credibile
856 3434 923 3508 est,
953 3445 1014 3488 non
1036 3431 1122 3488 metu
1142 3425 1293 3490 coelestis
1309 3422 1367 3505 ju-

217 3505 290 3574 dicii
310 3511 522 3597 potiusquam
538 3513 651 3576 terreni
667 3511 821 3576 commodr
839 3512 987 3575 aviditate
1008 3512 1158 3576 unitatem
1179 3509 1366 3574 catholicam

200 3601 431 3676 praeoptasse.
482 3596 534 3661 Ad
561 3597 642 3662 haec
670 3607 775 3662 autem
805 3597 908 3659 omnia
936 3595 1091 3678 praesidio
1120 3614 1200 3678 opus
1227 3602 1279 3656 est
1304 3613 1367 3676 po-

216 3685 366 3746 testatum
387 3698 510 3746 suarum
531 3701 793 3764 quarumcumque
812 3681 1052 3762 provinciarum:
1073 3699 1151 3748 sane
1170 3698 1226 3761 pro
1245 3679 1369 3742 tibilita-

216 3765 300 3830 tibus
321 3767 480 3833 ecclesiae
500 3767 647 3852 quidquid
668 3767 876 3832 intellexerint
900 3767 1070 3848 prodesse,
1102 3763 1217 3850 agendi
1247 3771 1280 3826 et
1306 3761 1369 3826 im-

217 3849 345 3940 perandi
355 3849 389 3930 ⁴)
405 3853 530 3916 liberam
544 3853 740 3918 decernimus
753 3853 952 3936 legationem.
977 3851 1055 3915 nlnd
1068 3847 1231 3930 praeterea
1243 3849 1368 3913 cunctis

217 3935 309 3998 nohis
329 3936 463 4018 placuit,
494 3947 529 4004 ut
549 3938 658 4001 literae
680 3937 719 3999 de
741 3945 832 4004 coetu
854 3946 959 4006 nostro
981 3936 1020 3998 ad
1042 3935 1286 4019 gloriosissimos
1306 3933 1369 3998 im-

216 4027 379 4104 peratores
404 4031 438 4091 et
464 4024 725 4088 eminentissimas
751 4029 928 4102 potestates
955 4019 1144 4104 dirigantur,
1175 4021 1288 4104 quibus
1315 4021 1370 4081 in·

215 4113 376 4176 mirantur
401 4117 509 4172 nostro
538 4109 673 4176 omnium
700 4123 859 4170 consensu
886 4106 926 4169 ad
949 4106 1167 4170 beatissimum
1188 4106 1370 4172 comitatum

217 4189 345 4273 legatos
365 4209 385 4253 a
405 4193 495 4258 nobis
514 4210 591 4258 esse
613 4186 759 4256 directos.
805 4187 872 4252 Sed
893 4190 967 4271 quia
988 4191 1098 4254 iisdem
1117 4191 1215 4260 literis
1236 4191 1275 4252 ab
1298 4209 1370 4252 orn·

213 4275 308 4350 cibus
328 4277 482 4344 subscribi
502 4275 709 4344 tardissimus
730 4279 793 4356 est,
813 4293 854 4340 ne
875 4275 1066 4359 singulorum
1087 4265 1369 4358 subscriptionibus

217 4415 418 4441 ..ιιι-ιιι·-

52 4475 60 4490 “
159 4479 162 4484 ¹
255 4504 282 4570 ¹)
300 4503 342 4556 ΔΙ.
359 4499 472 4554 meteriis
489 4497 613 4553 calistrati.
649 4533 682 4544 -
719 4502 748 4568 ι)
768 4499 834 4554 Coti.
853 4500 986 4560 Thalos.
1003 4504 1038 4560 21
1059 4503 1092 4556 dc
1111 4499 1264 4564 haereticis,
1277 4501 1317 4554 ci.
1333 4501 1370 4555 38

99 4611 102 4618 .
196 4581 202 4599 ‘
238 4591 246 4606 .
283 4569 381 4638 stabit,
403 4568 572 4622 itered-h.
614 4597 647 4610 --
702 4571 817 4636 *lini
842 4571 1299 4646 Cod.1t·unodm.titnstitlt.
1335 4601 1371 4612 -

199 4669 211 4677 „
252 4641 281 4706 t)
300 4640 399 4700 Fonte:
426 4639 587 4722 impetrandi,
610 4637 707 4694 hianti.
744 4671 778 4684 „-
852 4677 855 4690 .
982 4679 987 4692 .
