2912 5060
362 195 605 321 concursu
626 251 896 321 'romesinam
917 255 971 320 iv.
1055 277 1057 284 ι
1095 193 1098 200 ’
1179 255 1244 326 ιιι

88 426 268 493 Gothorum
295 435 382 492 statu
407 428 460 491 vel
487 413 777 504 conservationes)
813 427 922 510 regiae
949 429 1061 492 salutis
1085 415 1242 512 pollicitus

88 523 163 596 est,
190 515 390 576 temeraverit
398 511 434 594 ²)
462 522 516 576 aut
541 531 649 596 regem
675 531 755 574 nece
775 515 989 576 attrectaverit
1009 522 1064 577 aut
1083 524 1243 597 potestate

89 601 183 688 regni
196 601 317 661 exuerit
332 607 387 662 aut
406 601 658 680 praesumptione
678 598 841 680 tyrannica
860 601 950 680 regni
968 599 1127 683 fastigium
1147 619 1241 664 usur-

88 687 235 768 paverit,
264 685 430 748 anathema
457 685 500 746 sit
526 685 557 744 in
585 691 759 762 conspectu
786 680 837 743 dei
863 683 960 762 patris
990 693 1023 745 et
1051 687 1242 773 angelornm,

89 780 187 852 atque
200 773 240 832 ab
254 771 391 832 ecclesia
405 769 677 850 catholicmnuarn
698 765 829 848 perjurio
851 769 1069 851 profanaverit,
1090 771 1242 836 efficiatur

88 866 260 918 extraneus
282 865 323 918 et·
335 856 375 918 ab
397 856 479 916 omui
501 863 595 917 coetu
607 853 850 916 Christianorum
871 853 992 918 alienus
1012 874 1083 918 cum
1099 853 1247 924 omnibns

87 941 259 1022 impietatis
284 960 364 1003 suae
392 941 506 1021 sociis,
534 941 607 1021 quia
632 945 759 1019 oportet
783 946 818 1000 ut
843 957 905 1000 una
930 958 1033 1020 poena
1053 950 1162 1006 teneat
1182 945 1241 1008 ob·

89 1028 222 1106 noxios,
249 1045 330 1108 quos
356 1026 465 1088 similis
494 1044 576 1086 error
601 1025 755 1086 invenerit
781 1023 965 1104 implicatos.
1013 1024 1105 1104 Quod
1129 1030 1240 1112 iterum

90 1112 233 1174 secundo
255 1112 440 1192 replicamus
468 1110 632 1172 dicentes:
667 1107 861 1190 Quicumque
882 1109 993 1172 amodo
1015 1131 1057 1172 ex
1078 1114 1167 1176 nobis
1187 1114 1250 1176 vel-

89 1200 215 1260 eunotis
243 1197 416 1278 Hispaniae
442 1195 567 1276 populis
594 1195 732 1275 quolibet
759 1202 894 1256 tractatu
922 1195 973 1258 vel
1002 1193 1107 1258 studio
1131 1218 1243 1262 sacra-

7 1325 10 1334 ·
87 1292 228 1348 mentum
249 1279 324 1352 fidei
344 1300 432 1363 suae,
454 1279 538 1362 quud
556 1299 612 1362 pro
633 1280 752 1359 patriae
773 1281 940 1360 gentisque
962 1275 1135 1347 Gothorum
1156 1293 1242 1348 statu

89 1369 142 1430 vel
170 1367 409 1432 conservatione
435 1367 543 1448 regiae
572 1365 683 1428 salutis
712 1365 868 1444 pollicitus
896 1373 967 1446 est,
995 1367 1160 1432 violaverit
1186 1377 1241 1434 aut

87 1457 197 1537 regem
224 1472 303 1514 nece
331 1452 549 1514 attrectaverit
568 1459 622 1512 aut
642 1458 801 1531 potestate
821 1451 909 1532 regni
931 1452 1051 1513 exuerit
1072 1461 1126 1514 aut
1147 1473 1242 1534 prae-

88 1541 265 1620 sumptione
292 1539 455 1620 tyraunica
482 1535 984 1620 regnifastigium·usurpaverit,
1012 1537 1178 1600 anathema
1199 1541 1242 1602 sit
1320 1554 1325 1560 ’

91 1625 123 1686 in
153 1632 327 1704 conspectu
348 1622 466 1686 Christi
491 1631 525 1684 et
554 1617 809 1701 apostolorum)
837 1619 923 1700 ejus,
950 1628 1045 1701 atque
1071 1623 1111 1687 ab
1132 1625 1241 1686 eccle-

90 1711 142 1771 sia
167 1710 337 1789 catholica,
366 1726 459 1790 quam
483 1706 615 1787 perjurio
644 1705 869 1786 profanaverit,
898 1704 1051 1770 efficiatur
1071 1717 1241 1775 extraneus

91 1804 126 1856 et
158 1796 198 1858 ab
231 1794 313 1856 omni
339 1794 495 1856 consortie
516 1791 763 1855 Christianorum
790 1791 925 1872 alienus,
959 1799 992 1852 et
1018 1791 1182 1856 damnatus
1209 1795 1240 1859 iu

89 1881 191 1942 futuro
205 1879 256 1942 dei
265 1879 382 1960 judicio
396 1877 548 1940 habeatur
559 1870 630 1940 cum
648 1876 920 1956 comparticipibus
931 1877 1007 1958 suis,
1019 1878 1092 1958 quia
1113 1877 1241 1961 dignum

88 1975 158 2048 est,
179 1967 234 2046 qui
256 1966 369 2026 talibus
390 1965 565 2043 sociantur,
593 1963 653 2042 ipsi
675 1963 770 2036 etiarn
791 1960 996 2024 damnationis
1017 1961 1122 2024 eorum
1142 1965 1243 2044 parti-

89 2049 283 2132 cipationi⁴)
318 2050 442 2111 obnoxii
471 2055 643 2110 teneantur.
691 2048 764 2108 Hoc
791 2047 885 2108 etiam
911 2048 1002 2107 tertio
1031 2048 1241 2130 acclamamus

90 2137 255 2200 dicentesa
285 2133 481 2215 Quicumque
509 2132 620 2194 amodo
649 2151 690 2192 ex
718 2131 809 2192 nobis
835 2131 887 2192 vel
916 2134 1039 2204 eunctis
1067 2134 1242 2215 Hispaniae

89 2223 213 2304 populis
229 2221 366 2302 qualibet
386 2213 589 2296 meditatione
609 2218 663 2278 vel
685 2217 789 2279 studio
809 2225 1037 2278 sacramentum
1057 2217 1131 2280 fidei
1151 2239 1241 2304 suae,

91 2307 174 2390 quod
202 2326 256 2388 pro
283 2307 403 2386 patriae
429 2305 533 2366 salute
554 2303 724 2385 gentisque
745 2299 919 2364 Gothorum
939 2311 1025 2364 statu
1045 2303 1098 2365 vel
1119 2305 1242 2368 incolu·
1286 2378 1290 2384 ,

89 2395 198 2460 unitate
217 2391 332 2474 regiae
345 2389 514 2471 potestatis
533 2389 691 2468 pollicitus
712 2396 772 2467 est,
784 2387 951 2448 violaverit
967 2397 1021 2449 aut
1036 2407 1143 2470 regem
1159 2411 1240 2464 nece

91 2477 305 2541 attrectaverit
333 2484 388 2538 aut
407 2481 567 2556 potestate
588 2473 676 2554 regni
697 2473 819 2534 exuerit
840 2480 895 2533 aut
914 2473 1165 2553 praesumptione
1186 2485 1242 2560 ty-

91 2564 218 2629 rannica
250 2561 339 2642 regni
372 2559 531 2642 fastigium
565 2557 782 2638 usurpaverit,
818 2555 984 2617 anathema
1017 2559 1059 2618 sit
1097 2558 1128 2620 in
1161 2578 1241 2623 con-

91 2657 203 2732 spectu
224 2647 350 2727 spiritus
378 2646 480 2708 sancti
509 2651 542 2705 et
568 2651 737 2725 martyrum
762 2639 898 2721 Christi,
926 2649 1021 2723 atque
1042 2641 1081 2704 ab
1103 2645 1243 2710 ecclesia

91 2731 252 2812 chrisum)
280 2728 450 2812 catholica,
476 2745 570 2812 quam
595 2725 728 2810 perjurio
752 2725 978 2808 profanaverit,
1005 2725 1159 2792 efficiatur
1180 2751 1243 2794 ex-

91 2832 217 2886 traneus
238 2824 270 2880 et
292 2817 331 2880 ab
358 2815 441 2878 omui
467 2813 682 2879 communione
704 2811 948 2875 Christianorum
975 2811 1111 2898 alienus,
1137 2833 1241 2899 neque

89 2915 209 2989 partem
225 2903 379 2983 justorum
399 2900 524 2981 habeat,
544 2897 603 2962 sed
618 2915 689 2960 cum
703 2897 824 2960 diabolo
847 2903 880 2960 et
900 2897 1023 2981 angelis
1044 2897 1114 2978 ejus
1135 2911 1242 2966 aeter-

90 2994 140 3055 nis
166 2987 327 3070 suppliciis
353 2984 576 3048 condemnetur
600 3001 662 3044 una
690 2999 762 3044 cum
791 2982 854 3063 eiS,
885 2983 937 3062 qui
963 2981 1075 3045 eadem
1096 2985 1251 3068 conjura-x

90 3078 175 3141 tione
195 3073 348 3154 nituntur,
368 3068 451 3150 uta)
470 3085 528 3152 par
545 3085 648 3150 poena
667 3066 848 3148 perditionis
869 3068 1081 3151 constringat,
1108 3088 1188 3150 quos
1209 3073 1242 3134 in

90 3161 228 3245 pernicie
242 3155 276 3236 ⁷)
296 3173 396 3240 prava
414 3155 555 3218 societas
576 3153 721 3234 copulat:
748 3161 781 3213 et
801 3151 892 3232 ideo,
919 3153 948 3214 si
966 3153 1074 3232 placet
1099 3157 1254 3220 omnibus

90 3247 143 3330 qui
170 3243 289 3309 adestis
303 3243 398 3304 'haec
430 3240 522 3303 tertio
556 3239 703 3300 reiterata
732 3237 907 3318 sententia,
939 3245 1066 3299 vestrae
1081 3238 1115 3318 8)
1149 3244 1242 3306 vocis

91 3351 161 3397 eam
189 3345 347 3394 consensu
373 3325 503 3390 firmate.
544 3323 595 3385 Ab
621 3323 768 3383 universo
796 3322 879 3384 clero
905 3319 965 3382 vel·
985 3323 1098 3403 populo
1124 3323 1242 3390 dictum

91 3427 163 3482 est:
196 3411 258 3493 Qut
284 3419 393 3476 contra
419 3411 502 3473 hanc
534 3415 673 3472 vestram
689 3403 724 3485 ⁹)
755 3403 966 3467 definitionem
989 3413 1242 3494 praesumpserit,

90 3502 258 3566 anathema
277 3495 479 3575 Maranatha‚
506 3489 568 3556 hoc
596 3501 647 3554 est
673 3489 804 3574 perditio
834 3492 866 3551 in
892 3491 1031 3553 adventu
1046 3491 1100 3574 ¹⁰)
1127 3495 1242 3560 domini

91 3585 152 3668 sit,
178 3594 213 3645 et
240 3599 310 3644 cum
325 3579 417 3642 eluda
437 3578 588 3642 iscariote
608 3575 865 3663 partemhabeat
886 3585 920 3638 et
940 3576 1075 3658 ipse¹¹)
1103 3589 1136 3644 et
1163 3585 1242 3646 socii

90 3687 206 3736 eorum.
245 3665 357 3728 Amen.
1019 3679 1026 3690 ⁸
1223 3671 1224 3678 ’

177 3767 372 3848 Quapropter
390 3779 450 3825 nos
470 3757 532 3843 ipsi
552 3761 736 3826 sacerdotes
758 3778 880 3822 omnem
901 3757 1135 3842 ecclesiam12‘)
1148 3765 1244 3829 chri.

72 3855 136 3920 ·sti
163 3873 203 3917 ac
230 3852 376 3933 populum
405 3847 625 3929 admonemus,
652 3856 688 3908 ut
716 3847 799 3907 haec
824 3843 985 3906 tremenda
1010 3854 1043 3907 et
1063 3849 1161 3912 toties
1178 3853 1243 3915 rei-
1349 3880 1352 3892 ·

91 3947 194 4003 terata
220 3935 378 4000 sententia
404 3935 520 3996 nullum
544 3951 586 3994 ex
606 3931 697 3994 nobis
717 3929 877 4012 praesenti
897 3937 992 4012 atque
1013 3939 1141 3996 aeterno
1162 3955 1243 4002 cun.

92 4023 219 4089 damnet
236 4011 384 4104 judicio,
424 4017 484 4108 sed
520 4015 615 4082 fidem
653 4015 840 4100 promissam
876 4017 955 4098 er“ga
984 4015 1241 4100 gloriosissimum

91 4173 281 4198 'nn-—
316 4207 319 4216 v

48 4265 55 4278 “
128 4271 159 4342 t)
174 4231 349 4324 abundatione
371 4259 451 4346 iri-m.
468 4271 507 4323 Μ
541 4297 577 4354 μ’·
621 4228 808 4376 ²)teutmiarip
828 4263 962 4349 ibim-5
1006 4263 1036 4331 ³)
1052 4269 1197 4332 nupciarum
1214 4273 1242 4327 in

75 4453 77 4460 .
127 4357 201 4478 qut}
212 4343 252 4464 pp
263 4369 358 4464 nsit
371 4336 765 4478 ιιΠΜ’ζοίρειξιηιξιιξξιῖιιιιιωΜ.
782 4333 823 4444 a)
837 4334 945 4473 ιξιξέωιξι
954 4346 1013 4456 20ξὲ
1025 4337 1122 4460 :0318
1136 4366 1192 4450 *-

128 4481 160 4548 ί)
176 4480 222 4534 too
238 4483 315 4532 tertie
333 4479 483 4532 cellerarium
500 4478 640 4529 amicimine
656 4482 756 4530 uestrae
773 4473 800 4525 in
818 4491 853 4526 nr.
867 4475 904 4525 lii.
927 4501 979 4514 --
998 4475 1027 4538 ⁰)
1044 4484 1159 4528 nastrum
1176 4477 1239 4531 ibid,

81 4545 701 4620 .announcement-lcor.lu,22.
741 4569 778 4585 -
834 4543 882 4610 Η)
900 4543 952 4610 ipsi
968 4541 1005 4593 Μ.
1041 4553 1101 4609 ·.·'
1131 4549 1244 4614 Η)ιιοε

160 4619 213 4688 ipsi
229 4627 254 4671 et
270 4620 414 4674 sucerdotis
432 4633 517 4672 omncs
531 4623 645 4670 eoactum
663 4615 792 4686 euctemon
811 4611 837 4663 in
856 4629 888 4664 nr.
907 4613 944 4664 Μ.
981 4617 1015 4651 *-
1232 4651 1235 4658 ,

1003 4695 1074 4756 ts*
