2912 5060
162 261 164 268 ¹
205 259 277 328 oro
506 259 725 327 conculcor
746 257 1081 358 rmnrmouur

303 517 502 600 Conpertum
530 522 582 580 cst
607 535 627 580 a
653 525 765 580 sancto
793 517 924 598 concilio
952 515 1137 598 episcopos,
1163 513 1383 599 presbyteres·

217 611 252 668 et
272 603 421 668 diacones
440 601 606 667 venientes
626 619 669 664 err
687 599 835 684 haerese,
861 600 1144 681 carualiadbu01)
1165 599 1369 683 desiderio²)

217 689 366 755 uxoribus
386 686 540 770 copulari:
559 705 599 748 ne
620 704 697 770 ergo
718 686 757 748 de
778 696 884 750 cetero
904 685 969 764 flat,
991 685 1052 750 hoc
1072 687 1268 768 praecipitur,
1282 686 1370 769 quod

217 782 253 836 et
273 774 422 854 prioribus
442 771 612 836 canonibus
638 771 878 852 temmatm³):
906 781 942 834 ut
969 791 1032 844 non
1058 772 1154 842 liceat
1179 772 1228 834 eis
1254 772 1369 834 vivere

217 859 382 922 libidinosa
412 859 587 936 societate,
604 855 678 918 ‘scd
709 864 855 920 manente
883 856 962 920 inter
990 875 1046 918 eos
1071 855 1178 936 fidei)
1207 855 1370 940 conjugali
1450 929 1451 948 χ

217 961 411 1008 communem
436 943 599 1004 utilitatem
627 941 779 1023 habeant,
807 950 840 1004 et
867 959 929 1002 non
957 942 1015 1004 sub
1042 959 1104 1002 uno
1131 941 1274 1004 conclavi
1294 961 1369 1004 rna·-
1450 961 1451 1028 J

194 1036 331 1110 beant,
352 1029 405 1092 vel
418 1026 451 1106 ⁵)
472 1035 558 1090 certe
578 1025 607 1088 si
627 1025 781 1110 suffragat
791 1025 825 1105 6)
845 1027 945 1088 virtus
965 1025 996 1090 in
1017 1027 1108 1088 atam
1129 1025 1252 1101 domum
1274 1043 1368 1092 suam

217 1109 346 1178 uxorem
370 1113 467 1176 faciat
493 1111 650 1193 hobitarc,
678 1121 714 1175 ut
741 1111 873 1174 castitas
894 1119 928 1174 et
954 1111 1036 1192 apud
1057 1110 1149 1172 deum
1170 1118 1204 1174 et
1222 1111 1370 1180 homines

214 1197 333 1265 babeat
352 1198 562 1260 testimonium
582 1195 696 1258 bonum
708 1195 751 1276 l).
784 1196 821 1260 Si
835 1193 1003 1277 quistvero
1023 1203 1097 1276 post
1117 1194 1199 1259 hanc
1218 1213 1366 1258 conven-
1424 1273 1427 1278 ἱ

214 1283 333 1347 tionem
355 1285 513 1352 obscoene
534 1298 606 1343 cum
626 1299 722 1344 uxore
740 1280 875 1364 elegerit
888 1280 1008 1361 vivere,
1028 1289 1065 1344 ut
1084 1278 1225 1357 lector⁸)
1242 1279 1366 1344 lrabea-

215 1374 284 1431 tur:
310 1368 459 1450 quivero
481 1384 606 1446 semper
630 1365 689 1428 sub
710 1383 831 1430 canone
851 1365 1069 1442 ecclesiastico
1093 1363 1306 1447 januarino),
1333 1367 1365 1430 si

214 1459 325 1520 contra
343 1460 485 1536 veterum
505 1452 656 1534 imperata
681 1451 713 1513 iu
741 1451 810 1516 suis
834 1451 956 1513 cellrdis
975 1451 1150 1532 mulierum,
1179 1449 1365 1531 quae-inta-

215 1536 363 1616 mem¹⁰)
391 1537 601 1618 suspicionem
627 1543 760 1616 possunt
783 1554 954 1620 generare,
982 1535 1171 1618 consortium
1191 1535 1364 1620 habuerint,

216 1621 258 1684 illi
279 1621 430 1684 canonice
451 1620 575 1702 quidem
596 1619 833 1704 distringantur,
859 1621 1004 1682 mulieres
1023 1639 1100 1682 vero
1121 1619 1210 1700 ipsae
1232 1618 1271 1681 ab
1293 1623 1365 1701 epi-

214 1707 322 1790 scopis
341 1705 541 1770 venundatae
552 1709 563 1746 ¹
575 1703 607 1786 1)
626 1707 759 1786 pretium
781 1707 883 1789 ipsum
902 1705 1091 1788 pauperibus
1110 1703 1331 1788 erogetur12).

297 1891 349 1960 Dc
380 1891 500 1958 libertis
527 1897 632 1954 autem
663 1889 696 1954 id
726 1889 778 1956 dei
808 1889 1015 1972 praecipiunt
1032 1891 1234 1974 sacerdotes,
1267 1899 1303 1956 ut
1333 1889 1363 1958 si
1434 1901 1436 1910 '

213 1975 266 2059 qui
276 1976 335 2057 ,13)
357 1977 396 2040 ab
418 1977 577 2056 episcopis
596 1974 672 2037 facti
691 1983 765 2038 sunt
783 1973 957 2040 secundum
975 1975 1101 2040 notum
1122 1977 1238 2049 cui¹⁴l
1261 1996 1364 2042 cono*

213 2079 273 2127 ces
294 2062 411 2144 antiqui
428 2061 504 2124 dant
521 2060 689 2140 licentiam,
709 2060 881 2140 sintliberi,
901 2069 935 2124 et
957 2060 1061 2126 temen
1081 2081 1101 2144 a
1117 2063 1291 2144 patrocinio
1303 2081 1363 2126 ec·

106 2171 112 2182 ·
153 2157 157 2166 ’
214 2145 333 2212 clesiae
354 2155 418 2212 tam
439 2145 500 2226 ipsi
519 2163 618 2228 quam,
634 2145 673 2206 ab
688 2143 743 2210 ¹eis
763 2146 919 2228 progeniti
938 2165 1001 2208 non
1021 2147 1178 2212 recedant.
1219 2148 1271 2211 Ab
1292 2148 1362 2212 aliis

211 2249 336 2314 quoque
362 2229 498 2294 libertati
523 2229 626 2293 traditi
652 2231 851 2296 et'ccclesiis
873 2232 1080 2303 commendati
1098 2233 1267 2314 patrocinio
1288 2234 1363 2311 epi-

211 2315 333 2396 scopali
359 2313 593 2398 regentur²⁵),
628 2322 662 2388 et
687 2334 728 2380 ne
757 2317 901 2398 cuiquam
930 2317 1082 2383 donentur
1096 2318 1151 2399 ιο)
1177 2337 1197 2384 a
1220 2317 1359 2400 principa

211 2399 340 2480 ΙωοΗ)
360 2403 530 2483 episcopus
549 2401 695 2482 postulet.

295 2587 357 2650 Pro
372 2585 548 2648 reverentia
562 2582 614 2647 dei
629 2500 827 2654 sacerdodldd
847 2583 879 2646 id
898 2584 1047 2648 universa
1066 2587 1362 2652 sanctaconstituit

114 2687 117 2697 ¹
210 2671 361 2755 synodus,
381 2678 418 2733 ut
433 2671 506 2753 quia
523 2671 627 2734 solent
643 2669 751 2736 crebro
763 2668 890 2736 'mensis
909 2671 1033 2734 otiosae
1053 2671 1177 2736 fabulae
1196 2674 1362 2756 interponi,

96 2794 103 2810 1
210 2757 242 2818 in
273 2759 355 2820 omni
389 2756 576 2818 sacerdotali
614 2756 759 2819 convivio
797 2755 893 2818 lectio
932 2757 1151 2838 scripturarum
1183 2758 1363 2822 divinarum

209 2842 396 2922 misceatur,
425 2861 481 2922 per
507 2842 570 2904 hoc
597 2842 679 2902 enirn
706 2849 742 2902 et
765 2843 888 2920 ¹anirnoe
907 2837 1112 2908 aedificantur
1132 2843 1173 2908 ad
1192 2845 1307 2908 bonum
1327 2851 1363 2906 et

162 2985 170 3005 ,
209 2925 332 2990 fabulae
353 2943 414 2988 non
434 2926 634 2988 necessariae
653 2923 928 3008 prohibentur¹⁸t

292 3105 431 3183 Jubente
443 3111 499 3192 ¹⁹)
520 3121 624 3174 autern
640 3095 743 3195 'atque
762 3111 978 3175 consentiente
994 3111 1117 3174 domino
1137 3111 1278 3196 piissimo
1289 3110 1364 3176 tte-

210 3197 323 3261 carcdo
345 3215 422 3279 rege
444 3196 475 3258 id
496 3199 658 3279 praecepit
679 3197 875 3260 sacerdotale
889 3197 1076 3279 ennodium,
1105 3207 1142 3261 ut
1161 3199 1363 3278 clericos20)
1421 3269 1425 3274 .

208 3303 251 3346 ex
264 3283 388 3364 ,familia
408 3281 478 3344 fisci
498 3285 601 3346 nullus
623 3283 738 3346 audeat
757 3303 779 3345 a
798 3281 937 3362 principe
959 3281 1092 3345 donatos
1114 3293 1282 3367 expetere,
1301 3283 1363 3347 sed

208 3367 328 3430 reddito
351 3369 463 3448 capitis
483 3369 532 3434 sui
554 3370 666 3430 tributo
689 3368 847 3432 eeclesiae
867 3366 935 3448 dei,
966 3368 1017 3430 cui
1042 3377 1117 3432 sunt
1139 3371 1274 3456 alligati,
1302 3387 1367 3447 us-¹

208 3471 270 3534 que
292 3451 364 3514 dum
384 3453 496 3514 vivent
515 3455 697 3538 regulariter
717 3451 938 3516 administrent.

235 3591 237 3600 ·
759 3553 815 3614 IX.

209 3707 213 3720 ,
290 3636 427 3700 Decreta
461 3635 554 3721 hujus
587 3637 711 3702 concilii
739 3635 803 3702 hoc
830 3632 997 3717 statuitur,
1027 3637 1249 3702 utecclesiao
1277 3653 1362 3721 quae

208 3721 331 3786 brenmt
351 3723 383 3786 in
402 3724 526 3787 haeresi
545 3723 679 3806 Ariana,
700 3741 784 3788 nunc
804 3729 909 3785 autam
930 3730 1004 3786 sunt
1024 3723 1216 3808 catholicae,
1238 3723 1279 3788 ad
1300 3741 1361 3788 eos

243 3987 272 4056 1)
289 3987 359 4040 docti
375 3990 466 4055 Vallic.
501 4018 535 4030 -
574 3989 613 4058 12)
630 3989 755 4042 desiderio
773 3991 847 4044 deest
862 3988 891 4042 in
907 4007 942 4042 m.
959 3989 997 4043 M.
1036 3987 1360 4060 --t⁸)eoartnetorin

261 4075 310 4112 ,na
327 4057 364 4112 Μ.
399 4091 434 4101 -
480 4059 663 4128 wlepeibid.
697 4087 733 4100 -·
777 4061 903 4128 ³)etM.
938 4069 988 4098 —‘
1019 4059 1286 4132 ⁰)srrffrepntur'lid·
1322 4081 1360 4103 ⁴—

242 4127 271 4195 l)
288 4143 374 4183 oenum
391 4128 420 4182 in
437 4146 473 4181 m·
489 4129 526 4182 Μ.
561 4157 597 4166 -
643 4126 671 4194 ⁸)
689 4133 719 4178 ot
736 4143 780 4180 ooo
798 4129 891 4195 lector,
914 4129 949 4181 al.
965 4135 994 4180 ot
1010 4131 1137 4198 oepleotor
1153 4131 1182 4186 in
1199 4151 1235 4186 m.
1251 4133 1288 4186 Μ.
1324 4162 1362 4172 -

241 4199 271 4265 9)
284 4197 420 4264 jocrrorrrnt
436 4199 473 4250 Μ.
507 4227 544 4239 -
575 4193 624 4262 ¹⁰)
643 4196 767 4262 insontior
782 4197 875 4251 Vallic.
902 4226 937 4238 -
972 4195 1021 4264 3¹)
1039 4201 1209 4256 venundentur
1226 4209 1251 4254 et
1267 4203 1307 4254 Μ.
1324 4232 1362 4242 -

239 4266 294 4333 12)
307 4266 340 4316 ab
357 4283 396 4334 ep.
413 4267 560 4320 emerrdotoe
581 4265 609 4316 io
630 4269 812 4320 monesterium
833 4268 978 4336 poellorom
999 4265 1140 4324 serviturae
1157 4272 1285 4324 dabuntur
1302 4289 1361 4329 oot-

274 4335 349 4386 oibos
365 4335 423 4387 BR.
440 4336 473 4391 E.
484 4335 510 4387 4.
529 4335 562 4386 Τ.
576 4336 601 4386 1.
644 4362 680 4374 -
726 4337 775 4404 1³)
793 4339 832 4390 De
850 4335 950 4390 libertis
966 4345 1052 4390 erotem
1067 4337 1114 4393 boc
1127 4343 1258 4410 praecipit
1275 4357 1298 4392 a.
1308 4331 1363 4408 'sy-

274 4403 356 4454 nodos
372 4412 400 4455 ot
419 4407 443 4458 si
460 4405 502 4474 qai
518 4403 661 4472 presbyteri
677 4404 716 4456 ool
732 4405 833 4460 diaconi
850 4407 877 4460 in
895 4424 931 4460 rn.
948 4405 988 4458 Μ.
1027 4437 1063 4450 -
1105 4405 1155 4483 14)
1178 4427 1226 4480 poc
1251 4411 1289 4464 M.
1324 4441 1362 4454 ·-

239 4471 289 4540 Ν)
308 4471 420 4542 episcopi
437 4473 554 4542 teporatur
570 4473 670 4539 Vallic,
688 4475 799 4544 episcopi
816 4478 969 4544 callipootro’
985 4475 1013 4533 in
1030 4495 1064 4530 na.
1081 4479 1118 4532 M.
1144 4511 1180 4522 -
1218 4479 1268 4549 ¹⁶)
1287 4485 1312 4532 rt
1323 4509 1362 4522 -

276 4542 399 4596 donentur
418 4544 494 4598 deest
511 4561 552 4612 ap.
570 4543 606 4598 M.
654 4571 689 4584 -
739 4546 789 4616 Η)
812 4549 836 4598 si
853 4547 898 4602 boc
914 4545 1007 4600 vallio.
1050 4576 1084 4588 —-
1123 4549 1173 4620 ¹⁸)
1189 4549 1363 4618 reprobantur

276 4611 320 4664 Μ.
340 4617 366 4672 ct
386 4613 412 4666 in
432 4631 465 4668 nr.
484 4614 521 4666 Μ.
546 4644 580 4654 -
615 4608 663 4680 ¹⁹)
681 4617 802 4674 lorrrorrrr
820 4619 854 4670 T.
870 4619 895 4672 l.
914 4621 938 4669 et
956 4615 991 4666 Μ.
1018 4645 1051 4694 7-
1084 4617 1135 4684 ²⁰)
1155 4621 1304 4694 elericorum
1322 4621 1361 4673 M.
