2916 5050
376 220 954 350 cuncrnunclabnrcmnnsn
970 241 1019 314 ιι
1209 239 1326 314 ιιι

115 415 149 477 in
169 407 333 475 domiciliis
353 423 452 497 agant
472 415 596 499 agenda
608 415 657 502 ¹),
680 416 763 499 quod
776 416 962 501 disciplinae
987 419 1190 504 incongruum
1211 415 1279 484 oo·.'

114 500 245 582 gnoscit
264 517 339 561 esse
358 502 639 565 sanctitasvestra.
668 502 832 567 Genedius
851 507 1019 586 episcopus
1038 506 1133 568 dixit:
1152 507 1271 570 Fratris

117 591 156 645 et
171 585 350 664 codpiscopi
371 588 468 648 nostri
482 587 596 670 dignae
614 591 814 672 suggestioni
835 592 1023 671 respondere
1043 610 1106 652 non
1126 593 1281 653 immore-¹

117 669 240 748 nnu2).
272 671 324 732 Ab
344 671 499 734 universis
522 675 680 754 episeqpis
700 674 817 738 dictum
838 683 909 739 est:
938 675 1088 758 Quisquis
1107 678 1281 760 presbyter·

116 755 293 817 inconsulto
321 757 470 836 episcopo
497 759 668 840 agenda-³)
702 759 733 820 in
760 761 898 840 quolibet
923 762 995 826 loco
1021 763 1155 825 uoluerit
1179 763 1279 827 eolo-⁴

116 840 222 922 brare,
250 841 321 922 ipse
342 841 528 904 honorisue
551 845 722 911 contrarius
743 846 860 908 existit.
970 843 973 848 ’

203 1043 296 1108 Felix
322 1043 492 1128 episcopus
520 1039 780 1110 selemselitanus
808 1045 906 1110 dixit:
939 1047 1043 1110 Etiam
1070 1047 1132 1113 hoc
1158 1049 1270 1132 adjicio
1306 1081 1310 1086 ¹

116 1130 291 1194 secundum
317 1137 437 1194 statuta
462 1141 605 1194 veterum
630 1133 849 1214 conciliorum,
883 1141 919 1194 ut
948 1134 977 1194 si
1004 1135 1074 1216 quis
1102 1136 1270 1218 episcopus

117 1214 220 1296 (quod
241 1234 303 1277 non
325 1215 500 1297 opinamur)
528 1217 605 1297 in‘)
627 1227 747 1282 reatum
767 1219 901 1299 aliquem
923 1218 1098 1302 incurrerit,
1127 1230 1159 1284 et
1179 1223 1271 1286 fuerit

118 1301 151 1362 ei
171 1300 265 1362 nimia
284 1303 461 1364 necessitas
482 1322 545 1364 non
565 1322 662 1383 posse
683 1301 832 1384 plurimos
853 1322 1064 1388 congregare3
1091 1326 1132 1368 ne
1154 1305 1186 1370 in
1206 1309 1270 1371 cri-

117 1387 203 1449 mine
223 1393 382 1448 remaneat
402 1405 422 1448 a
442 1387 606 1450 duodecim
627 1391 785 1470 episcopis
807 1389 963 1468 audiatur,
991 1397 1025 1452 et
1050 1409 1070 1452 a
1096 1409 1156 1454 sex
1176 1411 1270 1472 pres·

18 1499 19 1542 1
82 1487 86 1496 '
117 1471 239 1554 byteris
273 1480 306 1533 et
336 1491 356 1534 a
385 1473 482 1554 tribus
507 1473 689 1536 diaconibus
703 1473 737 1553 ⁵)
773 1493 844 1535 curn
871 1475 993 1554 proprio
1020 1492 1079 1536 suo
1110 1477 1268 1558 episcopo.
1345 1545 1349 1554 p

17 1609 20 1628 .
118 1555 283 1622 Genedius
304 1558 472 1638 episcopus
493 1557 588 1620 dixit:
617 1558 699 1638 Quid
721 1557 761 1622 ad
782 1559 844 1622 hoc
866 1559 941 1621 dicit
961 1560 1114 1621 sanctitas
1133 1557 1269 1626 vestra?

17 1663 20 1692 ι
118 1641 173 1705 Ab
195 1643 348 1706 universis
370 1638 528 1726 episcopis
550 1643 667 1708 dictum
688 1653 739 1708 est
752 1643 804 1728 ⁶),
834 1643 965 1708 anobis
984 1651 1127 1708 veterum
1148 1654 1269 1711 statuta

118 1727 234 1790 debere
254 1729 383 1792 servari.
667 1801 714 1878 xl

202 1892 314 1960 Victor
334 1896 502 1978 episcopus
522 1887 781 1978 Abdentonus'r)
802 1895 903 1960 dixit:
931 1895 1119 1960 Roboranda
1138 1909 1190 1963 est
1210 1919 1281 1972 ecs

117 1982 299 2047 clesiastica
326 1981 506 2067 disciplina,
536 2005 576 2060 ne
604 1986 767 2066 quisquam
797 1984 1013 2063 episcoporum
1042 1985 1169 2047 alterius
1197 1987 1269 2068 ple·

117 2069 177 2131 bes
189 2067 222 2147 ⁸)
249 2069 303 2130 vel
324 2067 494 2131 dioecesim
521 2089 580 2132 sua
606 2069 837 2151 importunitate
858 2069 982 2148 pulsare
1008 2068 1123 2133 debeat
1134 2070 1190 2150 ⁹):
1216 2074 1268 2156 qui

117 2155 180 2217 boc
199 2155 304 2216 facere
324 2157 511 2235 tentaverit,
540 2155 799 2236 quemadmodum
821 2154 1015 2230 coercendus
1043 2150 1124 2219 est?
1157 2153 1269 2231 Gene-

118 2239 189 2302 dius
210 2241 379 2320 episcopus
405 2239 507 2302 dixit:
539 2243 583 2304 Et
605 2235 663 2304 lex
686 2248 798 2302 saneta
824 2239 966 2320 prohibet
995 2247 1029 2302 et
1056 2241 1126 2321 ipsa
1150 2244 1269 2309 veritas

118 2325 236 2407 definit,
258 2345 321 2386 non
342 2325 456 2388 debere
470 2324 837 2409 quemquamaliena10)
859 2326 1092 2416 concupiscere.
1123 2327 1268 2412 Proinde,

117 2410 191 2492 quid
211 2411 306 2472 etiam
325 2411 418 2472 vobis
443 2413 584 2474 omnibus
612 2415 754 2496 placeat,
781 2411 905 2492 propria
930 2429 1012 2472 voce
1039 2412 1174 2493 signate.
1216 2415 1267 2476 Ab

115 2497 272 2558 universis
293 2496 451 2576 episcopis
472 2497 589 2559 dictum
610 2507 675 2560 est:
701 2497 826 2576 Placet,
846 2495 1018 2562 secundum
1040 2495 1164 2578 diuinae
1185 2499 1268 2582 legis

117 2581 516 2663 etsanoticvangelii11)
542 2584 774 2663 auctoritatem,
801 2588 837 2642 ut
863 2597 955 2645 nemo
983 2588 1122 2643 nostrum
1148 2583 1268 2648 abenas

7 2751 8 2756 ἵ
117 2667 231 2730 limites
253 2665 506 2750 transgrediatur.

201 2835 368 2899 Numidius
394 2833 562 2916 episcopus
588 2835 818 2916 Massylitanus
846 2832 943 2898 dixit:
971 2831 1102 2914 alliu)
1128 2833 1269 2918 episcopi
1310 2886 1311 2891 ,

118 2923 320 3000 usurpatione
339 2921 473 3004 quadam
492 2921 725 3002 usurpant1³),
750 2927 930 3000 contemplo
951 2919 1082 3000 primate
1103 2919 1269 3000 cujuslibet

118 3007 298 3085 provinciae
311 3023 398 3088 suae,
408 3005 449 3068 ad
462 3005 649 3068 desiderium
659 3007 765 3088 populi
780 3007 962 3086 episcopum
977 3005 1126 3087 ordinare,
1139 3004 1268 3085 sinen)

119 3090 218 3153 literis
244 3091 284 3153 ad
311 3111 348 3162 se
375 3093 492 3174 primae
519 3091 687 3154 cathedrae
717 3093 914 3154 manantibus
948 3109 1052 3176 neque
1077 3099 1190 3172 postea
1210 3108 1269 3154 ac—

120 3176 298 3258 ceptis¹⁵).
348 3174 431 3255 Quid
457 3177 498 3257 de
524 3178 585 3240 hoc
612 3177 723 3240 statuit
752 3178 906 3239 sanctitas
932 3169 1070 3237 vestra?
1104 3171 1268 3238 Genedius

118 3265 289 3344 episcopus
315 3261 413 3326 dixit:
449 3261 603 3341 Quoniam
628 3263 800 3325 communis
826 3270 878 3324 est
895 3259 1146 3342 honoriticentia,
1175 3277 1268 3343 quarn
1366 3267 1374 3278 “

118 3350 285 3430 unicuique
300 3348 432 3410 'servari
457 3356 599 3430 oportet,
629 3347 661 3410 id
687 3348 789 3428 ipsum
811 3346 1004 3410 ·fraternitati
1032 3353 1160 3408 vestrae
1188 3365 1269 3410 con·
1366 3397 1369 3404 ,

118 3436 207 3496 venit
226 3431 505 3513 pronunciar'a1‘).
534 3433 586 3495 Ab
606 3434 763 3498 universis
784 3433 943 3515 episcopis
964 3431 1081 3494 dictum
1102 3439 1170 3493 est:
1191 3433 1270 3496 Pla-

118 3527 174 3582 cet
193 3519 353 3600 omnibus,
380 3528 417 3582 ut
442 3517 617 3585 inconsulto
645 3520 777 3602 primate
806 3517 972 3600 cujuslibet
997 3517 1179 3600 provinciae
1205 3526 1269 3582 tam

157 3789 186 3858 ¹)
202 3785 328 3854 operrdom
344 3787 467 3858 C.·Hisp.
484 3795 513 3841 at
532 3803 580 3842 ms.
596 3786 680 3841 Hand.
703 3816 739 3830 -
772 3786 802 3854 l)
820 3787 929 3838 stairo:
945 3819 953 3836 .
968 3819 975 3838 .
989 3819 997 3838 .
1013 3821 1020 3836 .
1037 3787 1193 3852 :oppetierat
1209 3793 1270 3840 lune
1338 3851 1346 3866 :

63 3880 68 3891 ·
186 3873 257 3926 resp.
274 3873 326 3910 rroo
341 3867 473 3912 murmure
489 3859 521 3911 c.
533 3858 609 3927 Hisp.
634 3887 670 3897 -
704 3857 734 3926 ⁸)
751 3857 874 3924 upeodom
892 3855 925 3912 G.
941 3853 1018 3924 Hisp.
1034 3861 1061 3908 et
1078 3871 1126 3910 ms.
1140 3856 1224 3910 Hand.
1234 3885 1269 3906 -2

7 3891 8 3904 χ
77 3945 102 3964 ·-
152 3931 183 3999 ⁴)
201 3936 319 3996 optumas
332 3927 383 3997 (T.
396 3931 421 3983 l.
434 3931 461 3981 2.
479 3933 507 3981 et
523 3928 552 3996 iu
568 3941 652 3993 marg.
668 3925 774 3980 blansi:
798 3933 916 3994 optanta:
931 3925 1125 3994 rimbrcotum.
1142 3927 1175 3980 C.
1193 3927 1269 3994 Hisp.
1317 3929 1322 3938 ”

145 3995 1270 4137 rotabat:catacunbas.nistt‘tatbtax

186 4153 271 4202 marg.
287 4138 384 4193 Mansi.
428 4167 464 4179 ·-
516 4138 546 4206 ⁸)
572 4137 655 4206 plebia
671 4137 703 4188 C.
720 4136 797 4207 rlisp.
841 4164 873 4184 -ψ
929 4136 959 4203 ⁹)
981 4137 1271 4205 mauretaniarum:

188 4206 240 4258 :tta
256 4213 370 4260 motato:
385 4209 626 4260 cmnurcccedere
643 4207 675 4260 G.
691 4207 767 4276 Hisp.
784 4210 813 4259 at
828 4204 857 4258 iu
874 4219 956 4271 marg.
972 4203 1068 4258 Massi.
1101 4231 1137 4255 -ι-
1239 4243 1242 4252 .

152 4275 203 4342 ιο)
220 4289 271 4326 ooo
287 4278 351 4327 mair
367 4280 642 4346 qoemqaomolieonm
657 4278 689 4330 C.
707 4277 799 4345 llisp.¹
824 4301 860 4320 „-
906 4274 1051 4342 11)ela.
1076 4274 1270 4340 assperitas-

191 4347 254 4397 sunt
270 4344 299 4398 in
317 4345 351 4398 C.
367 4348 443 4415 Hisp.
461 4353 489 4400 et
505 4364 554 4401 ms.
569 4347 652 4401 Harl.
697 4373 733 4387 -
780 4345 829 4410 ¹²)
850 4343 931 4412 oliqui
954 4342 986 4396 0.
1002 4341 1079 4410 Hisp.
1097 4349 1124 4396 et
1140 4344 1169 4396 iu
1186 4360 1270 4409 marg.

191 4413 287 4467 Mansi.
324 4441 361 4456 -
404 4416 454 4484 μ)
472 4419 621 4471 scierimus:
637 4415 670 4470 C.
687 4416 763 4484 Hisp.
796 4441 832 4457 --
870 4413 921 4480 Ν)
937 4427 1016 4480 nequa
1033 4412 1160 4484 Ogllisp.
1177 4421 1205 4469 et
1221 4430 1269 4472 ms.

189 4483 274 4538 Hasd.
291 4511 326 4526 -
359 4484 408 4552 Η)
426 4489 584 4540 monentibus
599 4501 677 4555 nequae
693 4490 820 4554 potestate
837 4491 943 4552 accepta
959 4483 992 4536 (l.
1003 4481 1079 4550 Hiap.
1096 4487 1125 4534 et
1140 4482 1169 4534 in
1186 4499 1270 4548 marg,

191 4553 287 4607 Marsi.
309 4581 345 4598 -
367 4555 417 4624 Ν)
430 4571 494 4624 qrroe
511 4558 583 4611 debet
599 4558 732 4630 animique
748 4555 848 4608 :cruori
866 4555 897 4609 dc
913 4553 959 4606 boc
975 4555 1033 4620 ipso
1047 4555 1145 4622 frotrm
1160 4561 1270 4612 neaman

193 4627 416 4694 eslprorrorrliarc
432 4627 463 4682 0.
482 4627 558 4699 lliap.
594 4653 629 4671 ·-·
701 4673 705 4676 .
