2880 5050
214 289 279 356 ata
473 287 714 356 concitum
733 289 1006 357 'rotumnam
1024 293 1111 357 XVI.

214 463 307 528 meus
319 506 330 544 ,
365 455 571 542 quoadusque
600 459 754 524 Matthias
786 461 825 524 ab
854 463 997 526 omnibns
1027 473 1079 526 est
1105 462 1333 544 praeelectus
1361 463 1389 523 in

214 550 286 612 loco
308 545 450 627 ejusdem
471 545 652 625 apostolus:
674 546 786 609 obinde
803 547 834 626 ι)
856 547 980 610 scilicet
1001 547 1073 629 quia
1093 547 1302 609 undenarius
1328 567 1389 608 nu-

214 651 320 698 merus
342 629 625 712 transgressionem
646 629 805 713 significat
825 631 1046 694 mandatorum.
1077 633 1121 694 lit
1144 633 1223 714 quia
1246 633 1389 693 Sisber-

216 729 270 782 tus
297 718 470 778 'lolctanao
499 713 587 776 sedis
615 714 784 806 episcopus
812 735 870 779 suo
898 716 1035 780 facinore
1062 717 1239 778 denotatus
1271 727 1385 778 nostro

216 821 259 868 ex
279 820 408 882 corpore
429 808 554 862 constat
575 799 756 883 abscissus,
779 802 817 864 ob
839 801 871 863 id
894 821 1089 882 summopere
1109 805 1382 879 numerositatem

216 897 355 952 nostram
376 885 524 948 usuvenit
550 884 698 965 studere,
723 895 760 947 ut
781 887 812 948 in
833 888 902 948 loeo
925 886 994 967 ejus
1014 888 1074 948 aiio
1096 889 1284 970 subrogato
1309 907 1380 967 per-

215 973 346 1038 lectioni
366 970 490 1034 debitae
512 987 625 1049 corpus
649 977 790 1032 nostmm
817 971 979 1052 reddatur,
1008 973 1090 1034 sicut
1115 991 1173 1052 per
1200 973 1377 1034 Matthian

215 1057 376 1142 perfectus
405 1072 551 1117 numems
580 1055 719 1117 noscitur
750 1056 849 1117 fuisse
878 1058 1061 1138 completus.
1111 1057 1155 1118 lit
1182 1059 1268 1137 quia
1297 1057 1379 1118 idem

215 1145 376 1226 legatione
394 1139 427 1218 ²)
457 1140 582 1218 superni
609 1140 742 1200 numinis
762 1140 932 1221 fungentes
954 1141 1086 1221 apostoli
1106 1150 1180 1202 sunt
1203 1143 1380 1221 protestati

216 1226 377 1291 dicentes:
417 1223 537 1286 Christo·
559 1224 654 1286 bonos
675 1225 877 1288 odoramnus
898 1228 1013 1289 decia
1034 1227 1083 1287 hia
1105 1229 1160 1308 qui
1180 1227 1274 1288 salos·
1287 1231 1379 1306 fiant

217 1319 251 1377 et
268 1315 304 1374 a'a
325 1311 374 1372 bio
405 1312 459 1392 qui
480 1315 634 1392 pereum,
662 1309 737 1371 nla'io
767 1311 891 1392 qnidam
918 1313 994 1373 odor
1019 1315 1130 1372 mortio
1161 1314 1198 1372 ita
1228 1320 1375 1385 morteto,

218 1398 295 1460 aliis
317 1401 424 1458 antem
445 1395 521 1457 odor
542 1397 631 1458 citae
652 1396 688 1456 ira
710 1397 832 1473 oitom;
860 1397 920 1458 iilis
945 1396 1094 1458 videlicet
1119 1395 1196 1457 odor
1225 1399 1319 1458 vitae
1342 1398 1373 1454 in

218 1483 317 1544 vitam
337 1481 391 1562 qui
410 1481 589 1562 praeceptis
610 1499 715 1542 eorum
732 1481 879 1544 exhibere
894 1483 1075 1562 patientiam
1094 1491 1294 1562 curaverunt,
1309 1480 1368 1539 iilis

216 1584 295 1630 vero
318 1565 393 1628 odor
413 1565 520 1628 mortis
540 1566 572 1626 in
592 1573 722 1628 mortem
739 1567 791 1646 qui
811 1585 914 1628 eorum
935 1567 1130 1628 nihilominus
1149 1567 1277 1627 monita
1293 1583 1370 1626 con-

185 1695 190 1706 ·
217 1659 431 1732 tempseruat3
452 1649 580 1730 proinde
608 1651 681 1730 quia
707 1650 886 1730 praedictus
905 1652 1065 1713 Sisbertus
1085 1650 1266 1712 'loletanae
1288 1649 1374 1712 sedis

221 1739 391 1819 episcopua
419 1753 525 1796 eorum
546 1735 733 1797 salutaribus
753 1737 878 1798 monitis
896 1755 1090 1817 nequaquam
1110 1737 1221 1797 maluit
1246 1755 1290 1796 ex
1315 1736 1375 1796 hu-

221 1823 352 1884 militate
374 1819 552 1900 dependere
573 1821 791 1901 obsequelam,
821 1841 882 1902 quo
911 1822 1079 1904 ecclesiam
1107 1820 1158 1881 dei
1179 1819 1296 1882 ordine
1318 1820 1375 1881 de-

218 1908 284 1976 bito
310 1915 452 1988 regeret,
482 1905 653 1966 humilitate
681 1907 846 1968 instrueret
874 1915 907 1968 et
936 1908 1087 1986 exemplis
1112 1906 1310 1968 salutaribus
1337 1903 1374 1966 ad

219 2010 318 2074 regna
346 1990 469 2051 siderea
496 1999 697 2070 provocaret,
725 1989 784 2052 sed
811 1992 928 2070 bicipiti
955 2010 993 2052 se
1013 1991 1190 2072 percellens
1209 2009 1374 2070 mucrone,

220 2075 386 2156 superbiae
406 2073 555 2136 videlicet
575 2082 669 2153 atque
691 2073 833 2156 perjurii,
861 2077 1030 2158 gloriosum
1051 2075 1206 2136 dominum
1229 2085 1375 2136 nostrum

219 2161 394 2241 ligicancm
415 2175 523 2238 regem
543 2175 604 2216 non
625 2159 725 2218 solum
746 2178 843 2241 regno
863 2162 962 2222 voluit
981 2163 1103 2244 privare
1124 2160 1183 2222 scd
1206 2168 1242 2220 et
1263 2161 1375 2222 mortis

219 2244 411 2324 impensione
438 2242 614 2324 perimere,
651 2242 721 2303 ideo
750 2263 812 2306 non
840 2247 992 2328 congruit·
1008 2265 1068 2307 nos
1093 2246 1179 2326 prius
1203 2247 1374 2306 concilium

219 2329 367 2392 inchoare
379 2371 389 2409 ,
417 2327 477 2388 'nisi
502 2324 553 2387 illo
579 2329 664 2407 prius
691 2330 842 2391 canonica
868 2350 907 2394 ac
933 2331 1028 2412 legali
1047 2349 1190 2398 ‚censura
1215 2331 1374 2390 mulctato

221 2415 254 2476 in
278 2415 348 2476 icco
376 2410 445 2492 ejus
465 2411 545 2474 alius
565 2413 658 2474 fuerit
677 2415 865 2496 subrogatus
887 2417 1059 2477 Toletanae
1080 2415 1167 2478 sodis
1187 2415 1374 2476 cathedram

220 2508 408 2564 retenturus.
468 2495 595 2562 Idcirco.
620 2497 711 2560 nobis
741 2498 882 2562 omnibus
911 2498 942 2561 iu
969 2520 1063 2562 unum
1090 2501 1255 2580 collectis,
1289 2500 1374 2561 idem

220 2586 381 2648 Sisbertus
416 2583 584 2663 episcopus
612 2593 718 2657 nostro
747 2593 798 2646 est
826 2587 995 2646 conventui
1021 2593 1243 2667 praesentatus
1275 2595 1374 2666 atque

221 2669 414 2732 infidelitatis
434 2687 512 2728 suae
531 2667 790 2730 machinationem
811 2671 909 2750 patuli
930 2671 992 2732 oris
1014 2680 1065 2732 est
1082 2671 1180 2732 affatu
1195 2671 1374 2749 professus.

220 2753 313 2817 Unde
334 2771 392 2814 nos
413 2771 469 2831 per
488 2751 582 2831 hujus
602 2753 720 2814 decreti
741 2756 838 2816 nostri
858 2755 1017 2821 formulam
1038 2775 1137 2835 saepe
1158 2755 1279 2816 dictum
1300 2756 1374 2818 Sis·

221 2841 341 2902 bertum
362 2835 534 2898 secundnm
556 2837 692 2900 edictum
712 2840 847 2918 priscum
867 2839 1038 2921 synodicae
1059 2841 1233 2903 sanctionis
1253 2859 1298 2902 ac
1315 2842 1373 2902 de-

222 2933 340 2986 cretum
369 2921 409 2983 de
438 2923 551 2984 talibus
579 2924 795 3005 promulgatae
823 2925 906 3007 legis
936 2927 974 2986 ab
1004 2925 1176 3006 episcopali
1201 2923 1314 2986 ordine
1343 2934 1374 2986 et

220 3009 337 3071 honore
364 3005 544 3088 dejicimus,
570 3026 591 3069 a
617 3010 819 3088 perceptione
845 3011 982 3090 corporis
1004 3019 1037 3072 et
1063 3010 1226 3092 sanguinis
1254 3010 1374 3072 Christi

221 3095 522 3155 excommunicatum
542 3093 574 3152 in
595 3093 687 3153 exilio
707 3103 858 3174 perpetuo
878 3113 1003 3158 manere
1031 3113 1219 3172 censemus,
1247 3094 1282 3155 in
1313 3095 1373 3156 line

222 3187 343 3240 tantum
371 3177 616 3240 communionem
647 3195 704 3258 per
737 3180 840 3240 omnia
873 3189 1077 3260 percepturus
1090 3179 1145 3260 ³),
1177 3187 1320 3258 excepto
1348 3181 1372 3241 si

220 3284 294 3326 eum
326 3261 503 3345 principalis
540 3264 643 3343 pietas
674 3281 746 3327 oum
773 3265 962 3328 sacerdotali
990 3265 1189 3329 conniventia
1217 3263 1373 3348 delegerit

219 3347 457 3413 absolvendum.
1298 3365 1310 3379 ··

307 3434 405 3514 Igitur
433 3431 577 3512 quoniam
603 3432 732 3494 favente
755 3431 878 3496 domino
898 3430 1064 3498 concilium
1085 3439 1136 3495 est
1156 3450 1251 3514 quam
1264 3433 1303 3510 ⁴)
1329 3431 1373 3496 ci-

226 3516 290 3580 tius
314 3516 520 3578 inchoandum
546 3516 719 3579 secundum
743 3521 1005 3597 praeelectionem
1033 3527 1128 3599 atque
1155 3519 1372 3580 auctoritatem

225 3603 322 3665 toties
344 3600 419 3663 dicti
440 3601 537 3662 nostri
559 3601 688 3680 domini,
716 3621 773 3681 per
794 3615 886 3684 quam
907 3606 939 3665 in
958 3603 1135 3683 praeteritis
1151 3601 1251 3682 jussit
1271 3623 1373 3664 vene-

219 3686 352 3752 rabilem
377 3687 505 3748 fratrem
530 3693 670 3748 nostrum
697 3684 837 3750 Felicem
863 3688 1061 3768 Hispalensis
1082 3687 1169 3752 sedis
1190 3687 1371 3768 episcopum

229 3774 269 3836 de
297 3772 439 3856 praefata
453 3770 487 3849 ³)
514 3770 591 3832 sede
614 3771 767 3834 'l'oletana
791 3771 861 3856 jure
888 3775 994 3836 debito
1015 3791 1121 3836 curam
1141 3773 1238 3851 ferre,
1268 3783 1370 3836 nostro

221 3878 298 3921 eum
326 3859 359 3918 in
386 3854 585 3938 postmodum
612 3875 779 3920 reservans
803 3858 917 3920 ibidem
944 3859 1073 3922 decreto
1099 3857 1308 3939 firmandum,
1335 3858 1368 3918 ob

227 3942 259 4005 id
287 3961 346 4003 nos
369 3960 441 4004 cum
462 3960 619 4002 consensu
641 3941 715 4002 cleri
736 3959 775 4002 ac
797 3945 902 4024 popuii
924 3943 964 4006 ad
985 3961 1084 4023 saepe
1105 3941 1222 4006 dictam
1244 3945 1371 4004 'l'oieta-

227 4046 299 4089 nam
320 4025 430 4089 sedem
449 4025 634 4106 pertinentis
654 4024 847 4103 praedictum
859 4027 1072 4092 venerabilem
1089 4028 1215 4091 fratrem
1235 4037 1372 4089 nostmm

226 4113 367 4174 Felicem
387 4111 571 4192 episcopum
592 4108 631 4170 de
651 4111 832 4190 Hispalensi
852 4114 948 4196 sede,
977 4123 1070 4196 quam
1096 4133 1196 4196 usqua
1222 4113 1373 4174 hactenus

228 4197 327 4276 rexit,
363 4195 393 4256 in
425 4195 607 4256 'l'oletanam
638 4193 747 4257 sedem
780 4200 931 4262 canonica
957 4197 1207 4278 transducimus,
1241 4207 1274 4259 et
1288 4197 1372 4275 ⁶)in

217 4281 340 4368 'eadem
372 4281 553 4360 Hispalensi
586 4279 735 4341 cathedra
763 4281 889 4346 fratrem
917 4292 1056 4346 nostrum
1080 4283 1265 4346 Faustinum
1295 4283 1374 4344 Bra-

229 4367 369 4432 carcnsis
393 4365 480 4427 sedis
511 4365 709 4454 episcopum,
736 4382 798 4430 nec
826 4387 888 4432 non
916 4378 949 4431 ct
975 4367 1116 4431 Felicem
1143 4367 1373 4432 Portucalcnsis

237 4599 241 4610 -
267 4569 294 4635 1)
314 4568 371 4620 iada
387 4568 424 4620 M.
452 4595 487 4606 --
521 4563 551 4629 ²)
569 4565 718 4629 legationem
735 4569 771 4620 Μ.
797 4591 831 4608 -»
854 4567 947 4620 icor.
959 4570 986 4632 2,
1001 4569 1043 4622 15.
1055 4570 1097 4624 lb.
1127 4597 1163 4608 -
1197 4570 1227 4693 ὅ)
1243 4579 1374 4637 percepta·

299 4653 355 4687 riom
373 4637 408 4687 Μ.
443 4665 478 4675 -
513 4633 662 4701 ⁴)pooll.
695 4665 730 4678 --
766 4636 794 4704 ⁸)
812 4638 945 4705 proedicto
961 4638 998 4690 Μ.
1028 4665 1064 4678 «-
1099 4637 1375 4710 ⁸)at()C.Hiap.
