2916 5050
5 923 23 966 D

85 893 87 902 .
119 843 234 924 placet

378 238 596 308 coxonron
616 239 960 316 oremaornnnon
974 215 1023 313 ni.
1214 251 1277 319 rar

123 424 189 482 :nm
204 413 238 494 Ι)
268 412 435 480 time
461 416 606 479 ιιιιιιιιιιι
649 413 708 478 sed
737 422 772 478 ut
797 413 863 478 dixi
886 419 981 496 edom
1001 407 1131 500 propriis
1150 422 1276 503 protea

121 509 252 566 caream
271 501 458 564 auctoritate
476 509 513 562 ut
533 461 676 562 rebeiles.
717 498 898 564 Honoratus
915 512 949 566 et
969 503 1113 568 Urbanus
1132 509 1274 591 episcopi

93 643 97 646 .
123 587 282 649 dixcnrnt:
311 585 442 648 Summa
461 584 642 665 provisio²)
664 586 841 648 sanctitatis
861 594 936 650 tuae
956 591 1100 652 cohaesit
1118 595 1274 658 mentibus
1309 609 1313 619 ·

122 671 313 754 singolorum
325 716 335 752 ,
368 679 401 732 ct
431 679 506 749 puto
542 671 676 737 omnium
707 671 911 750 responsione
944 693 985 752 ea
1014 693 1096 756 quac
1126 681 1274 760 prosequi

121 757 269 840 dignatus
296 773 334 818 es
360 755 519 837 probanda
532 755 575 836 ³).
617 756 762 820 Universi
788 757 929 838 episcopi
958 759 1119 824 dixerunt:
1151 763 1272 846 Placet,

204 1008 380 1092 Epigonius
401 1009 571 1090 episcopus
592 1006 687 1068 dixit:
717 1008 754 1067 In
774 1005 880 1091 multis
891 1007 926 1084 4)
956 1009 1098 1072 conciliis
1117 1009 1179 1077 boc
1200 1021 1271 1076 sta.

122 1099 223 1154 tutum
243 1103 310 1174 est,
334 1096 427 1158 etiarn
448 1111 532 1154 nunc
550 1091 612 1154 boc
634 1090 874 1153 confirmandum
895 1100 946 1153 est
967 1111 987 1154 a
1007 1103 1115 1156 vestra
1135 1097 1274 1176 pruden-

123 1178 183 1256 tia,
210 1179 323 1240 fratres
343 1178 532 1256 beatissimi,
560 1184 597 1236 ut
622 1175 770 1237 clericum
798 1177 933 1238 alienum
953 1179 1055 1240 nullus
1075 1182 1135 1243 sibi
1154 1184 1275 1262 praeri-

122 1261 189 1340 piat
222 1260 392 1340 episcopus
422 1257 547 1340 piaeter
578 1257 649 1338 ejus
680 1261 857 1340 arbitrium,
891 1259 982 1339 cujus
1012 1263 1106 1325 fuerit
1132 1267 1275 1330 clericus.

122 1343 201 1406 Dico
224 1351 330 1406 autem
344 1343 511 1422 Julianum,
534 1344 587 1422 qui
607 1344 748 1424 ingratus
770 1353 821 1406 est
842 1345 892 1406 dei
912 1345 1074 1408 beneficiis
1094 1367 1273 1428 permeant

121 1428 307 1510 parvitatem
329 1429 418 1492 inse
439 1429 581 1507 collatis,
611 1427 656 1488 ita
676 1427 870 1488 temerarium
892 1435 925 1488 ct
945 1427 1097 1490 audacem
1117 1433 1273 1515 extitisse,

122 1521 157 1573 ut
182 1531 255 1573 eum
283 1515 336 1593 qui
362 1532 382 1576 a
406 1533 458 1574 me
484 1513 663 1592 baptizatus
684 1519 750 1592 est,
780 1529 851 1573 cum
879 1519 967 1572 esset
992 1531 1073 1590 puer
1100 1515 1274 1595 egentissi-

122 1596 236 1674 mus⁵]
257 1598 333 1658 milri
353 1600 392 1659 ab
414 1597 525 1658 eodem
545 1595 789 1675 commendatus,
811 1613 943 1675 cumque
963 1597 1067 1657 multis
1083 1601 1172 1661 annis
1187 1619 1206 1662 a
1221 1619 1272 1676 me

124 1681 258 1742 aleretur
278 1690 372 1762 atque
392 1683 596 1760 incresceret,
626 1680 709 1742 hunc
729 1689 766 1740 ut
786 1675 850 1740 dixi
872 1680 1114 1758 baptizatum-in
1136 1685 1273 1747 ecclesia

122 1783 195 1827 mea
214 1785 271 1844 per
290 1773 413 1828 inanum
433 1767 597 1847 parvitatis
610 1763 644 1844 ⁶)
666 1783 757 1825 meae
777 1763 956 1845 oonstaw),
978 1764 1060 1826 idern
1077 1767 1112 1826 -in
1133 1768 1272 1832 dioecesi

122 1851 311 1930 Mapaliensi
324 1850 358 1930 8)
379 1853 477 1912 lector
498 1869 573 1911 esse
592 1857 749 1928 coeperat,
771 1849 831 1909 imo
854 1850 943 1910 annis
964 1849 1060 1912 ferme
1081 1849 1202 1916 duobus
1223 1855 1273 1916 lc·
1352 1925 1354 1930 ,

122 1943 229 2018 gerat,
257 1937 367 1998 nescio
395 1955 457 2017 quo
484 1943 665 2014 contemptu
692 1933 873 1995 humilitatis
900 1953 990 1995 meae
1018 1934 1101 1996 idern
1127 1939 1273 2004 Julianus

84 2045 85 2048 ¹
123 2029 194 2081 euru
208 2019 243 2098 ⁰)
271 2021 414 2102 arripuit,
446 2038 539 2101 quem
568 2020 645 2080 dicit
659 2017 714 2098 10)
743 2019 834 2100 quasi
860 2019 999 2098 poprium
1019 2020 1121 2081 civem
1141 2024 1191 2084 sui
1212 2024 1273 2086 loci

67 2145 72 2152 ν
121 2103 351 2183 Uaaritani11)
378 2123 429 2166 me
457 2104 633 2166 inconsulto
659 2121 828 2184 usurpare3
855 2122 927 2164 nam
953 2111 992 2165 et
1006 2103 1169 2169 diaconum
1189 2107 1274 2170 illum

30 2265 35 2274 η
122 2189 282 2252 ordinavit.
322 2191 394 2254 Hoc
414 2191 444 2251 si
465 2191 569 2270 liceat,
591 2196 700 2270 pateat
718 2188 801 2250 haec
819 2189 945 2250 licentia
965 2207 985 2250 a
1004 2191 1171 2274 vobis¹,²),
1191 2193 1272 2256 bea·

121 2275 234 2336 tissimi
255 2275 381 2356 fratres,
412 2275 462 2336 sin
484 2275 671 2336 minuatam
691 2272 855 2352 impudens
870 2273 924 2352 18)
947 2273 1143 2354 cohibeatur,
1171 2295 1213 2338 ne
1234 2295 1272 2350 se

124 2359 259 2420 misceat
287 2360 493 2420 communioni
520 2356 689 2438 cujusdam.
732 2357 898 2422 Numidius
919 2359 1087 2439 episcopus
1110 2359 1206 2426 dixit:
1235 2363 1272 2426 si

124 2461 187 2504 non
213 2444 371 2522 postulata
397 2453 500 2531 neque
521 2443 664 2506 consulta
685 2450 740 2504 tua
761 2441 941 2524 dignatione
960 2444 993 2504 id
1013 2443 1135 2506 videtur
1155 2446 1274 2511 fecisse

124 2528 289 2608 Julianus,
316 2527 497 2608 ¹judicamus
525 2546 634 2590 omnes
663 2529 774 2607 inique·
794 2529 911 2590 iactum
937 2536 1032 2608 atque
1046 2527 1101 2606 lt)
1128 2530 1273 2613 indigne:

100 2611 312 2694 'quapropter
331 2613 391 2673 nisi
414 2613 495 2674 idem
515 2614 662 2676 Julianus
682 2614 851 2674 correxerit
871 2631 1004 2675 errorem
1024 2629 1124 2692 suurn,
1147 2623 1181 2674 et
1201 2633 1273 2679 cum

122 2698 341 2760 satisfactione
368 2697 501 2760 eundem
528 2699 676 2761 clericum
701 2715 794 2777 quern
819 2697 920 2759 iuerat
940 2713 1039 2758 ausus
1058 2697 1198 2759 ordinare
1219 2719 1274 2762 re·

123 2783 286 2844 vocaverit
308 2790 382 2844 tuae
403 2783 503 2864 plebi,
534 2790 642 2846 contra
663 2789 782 2842 statuta
802 2783 924 2844 concilii
943 2782 1080 2862 faciens,
1107 2792 1274 2848 conturna·

126 2869 195 2930 ciac
216 2887 295 2929 suae
316 2877 482 2948 reparatus
505 2885 524 2928 a
544 2869 636 2929 nobis
656 2867 794 2946 excipiet
808 2865 967 2946 judicium.
1007 2867 1186 2950 Epigonius,
1203 2871 1274 2950 epi·

121 2969 240 3032 scopus
261 2951 355 3014 dixit:
384 2953 502 3013 Aetate
529 2960 619 3031 pater
646 2959 680 3012 ct
696 2949 751 3028 ¹1⁵)
779 2951 849 3030 ipsa
874 2949 1067 3032 promotione
1088 2954 1272 3034 antiquissi-

121 3055 208 3116 mus,
234 3037 283 3098 vir
303 3035 484 3118 laudabilis,
512 3036 607 3098 frater
633 3043 667 3096 et
694 3035 818 3118 collega
844 3045 951 3099 noster
972 3035 1083 3098 Victor
1102 3038 1172 3100 vult
1191 3040 1273 3103 hanc

120 3122 303 3203 petitionem
324 3123 504 3204 generalem
524 3121 666 3184 omnibus
687 3119 780 3264 effici.

207 3290 352 3352 Aurelius
372 3290 544 3370 episcopus
565 3288 662 3352 dixit:
691 3289 874 3350 Sermonem
894 3302 998 3348 meum
1019 3284 1186 3369 admittite,
1207 3287 1274 3352 fra·

123 3383 197 3436 tres.
238 3374 403 3456 Contingit
422 3391 641 3454 nonnunquam
660 3381 696 3434 ut
722 3371 917 3452 postulentur
938 3369 976 3431 ab
990 3371 1162 3454 ecclesiis,
1192 3391 1274 3455 quae

1 3522 3 3528 ,
121 3460 310 3540 praepositis
330 3466 428 3540 egent
447 3459 501 3520 vel
521 3458 714 3540 presbyteria
733 3455 786 3517 vel
809 3455 984 3535 episcopis,
1013 3464 1047 3516 et
1072 3464 1177 3519 tamen
1203 3477 1275 3522 me-

122 3560 190 3604 rnor
210 3551 397 3604 statutorum
417 3543 449 3604 id
469 3562 602 3626 sequor,
620 3551 655 3604 ut
675 3541 860 3604 conveniam
882 3541 1064 3620 episcopum
1087 3541 1156 3622 ejus
1178 3553 1289 3624 atque,
1376 3592 1378 3600 ι

117 3629 154 3707 ¹oi
176 3627 346 3708 inculcem,
375 3627 458 3708 quod
479 3627 548 3708 ejus
569 3628 702 3691 clericus
724 3644 744 3688 a
765 3625 903 3707 qualibet
923 3626 1061 3688 ecclesia
1081 3628 1274 3710 postuletur3

120 3712 182 3775 sed
202 3711 286 3773 forte
302 3711 334 3772 in
355 3709 501 3776 hodierno
523 3732 586 3776 non
606 3712 750 3776 reluctati
771 3717 860 3790 sunt,
878 3716 921 3798 ,et
941 3729 982 3772 ne
1003 3711 1127 3791 quando
1147 3714 1273 3774 contin·

123 3879 320 3896 W

158 3970 188 4038 1)
204 3985 254 4022 non
271 3977 369 4024 larrium
381 3971 541 4026 Hal-(Leto.
550 3969 585 4021 H.
602 3997 637 4009 -
672 3969 701 4034 ἱ)
717 3969 845 4036 praevisio
856 3968 901 4018 AE.
919 3997 954 4006 —
990 3968 1019 4035 ³)
1035 3969 1183 4021 roboranda
1193 3970 1275 4024 Hbrd.
1363 4008 1369 4014 -

192 4043 220 4090 et
237 4039 268 4092 C.
283 4041 361 4110 liisp.
414 4069 450 4082 -·
509 4046 539 4107 t)
556 4039 655 4090 altioris
671 4038 704 4089 A.
745 4067 782 4079 -
838 4037 872 4104 '⁶)
889 4038 949 4090 Vox
965 4032 1011 4090 illa
1028 4041 1203 4104 apertissimos
1220 4056 1274 4096 non

193 4108 277 4160 estin
294 4126 343 4162 ms.
360 4112 443 4164 Hard.
461 4125 510 4160 neo
527 4112 556 4162 in
573 4107 648 4158 codd.
666 4107 743 4174 Hisp.
778 4135 814 4144 —
869 4107 898 4173 ο)
915 4111 1077 4174 properantis
1094 4108 1126 4162 C.
1143 4109 1220 4178 Hisp.
1238 4139 1274 4149 -

158 4177 187 4246 ⁷)
205 4185 372 4232 cmntotom.
389 4197 406 4232 a
424 4179 590 4248 C.Hisp.-
626 4175 819 4243 ⁸)Appolr'eosa'
836 4173 1137 4244 C.Hisp.etHard.-·
1171 4180 1200 4247 ίι)
1219 4195 1276 4231 eum

192 4263 244 4300 cm.
262 4264 279 4300 a
297 4247 329 4301 C.
345 4249 424 4318 Hisp.
458 4275 495 4288 -
535 4245 585 4314 ιι)
603 4244 671 4296 dicat
689 4245 721 4298 C.
738 4245 816 4315 Hisp-
832 4245 1007 4298 —⁰Forran:
1032 4263 1111 4298 ooaaa
1128 4263 1184 4299 eorm
1201 4249 1276 4316 qimai

187 4316 288 4370 Macri.
303 4373 306 4378 ,
323 4347 359 4362 -·
404 4317 454 4385 11)
472 4317 514 4370 ull.
536 4314 697 4381 Uaroritoni,
718 4315 882 4379 Πιιιιιιίιιιιιὶ,
900 4317 1061 4368 Nozoriioor'
1078 4317 1174 4369 Mansi.
1202 4318 1277 4370 Bob-

156 4423 161 4430 .
193 4387 333 4442 tiaoritaai
350 4403 399 4442 ms.
417 4387 501 4440 Hand.
519 4390 547 4438 et
564 4381 681 4452 cffisp.
700 4381 818 4453 (praeter
834 4383 891 4452 ex.
909 4386 934 4437 Τ
945 4389 971 4437 1.
986 4387 1011 4437 2.
1030 4385 1077 4438 G.:
1099 4389 1276 4453 Vozorr'toorb.

155 4453 207 4521 ²2)
229 4455 388 4509 bouxilicet
404 4455 589 4525 petaculum
605 4453 709 4504 licentio
726 4453 799 4504 roba
817 4452 841 4504 b.
856 4455 891 4518 fr.
912 4454 943 4506 C.
961 4454 1037 4523 Hisp.
1072 4485 1108 4496 -
1157 4455 1206 4523 Η)
1224 4458 1277 4508 t'm-

191 4525 408 4646 gudnoimcffl.
456 4552 492 4570 -·
546 4521 942 4592 ¹⁴)tdLE.3·4.U.G.
994 4553 1029 4566 -
1081 4526 1276 4589 1⁵)eroma

218 4629 225 4644 a
281 4611 320 4664 sp·
356 4623 391 4636 '⁶'
1096 4605 1098 4614 y
1202 4601 1207 4608 Δ

373 4683 375 4688 .
962 4682 968 4692 ,
1018 4675 1067 4735 9,
1116 4719 1118 4728 ,
1217 4703 1221 4714 δ
