2912 5060
360 254 608 326 concuret}
633 255 904 337 rotumnam
923 259 964 328 X.
1173 257 1241 335 m

81 433 188 518 palleo
203 430 311 514 capita
328 435 504 514 contegant
520 437 554 494 et
575 427 786 514 conscriptam
806 432 1044 513 roboratamque
1063 429 1240 514 professio-

81 523 134 582 nis
155 521 274 584 faoiant
295 518 496 597 scripturam,
526 535 697 598 perquam
718 519 850 582 ulterius
864 515 896 595 ¹)
926 537 989 580 non
1015 517 1155 580 sinantur
1183 539 1239 582 re-

82 606 147 668 labi
174 605 216 668 ad
239 601 519 684 praevaricationis
548 601 730 684 audaciam3
759 623 841 684 quae
861 621 938 664 vero
959 622 1001 664 ex
1022 604 1165 666 omnibus
1187 605 1238 668 his

82 691 199 754 fuerint
225 697 369 772 repertae
397 689 534 748 animum
563 695 618 750 aut
644 696 769 751 vestem
795 688 827 750 in
852 688 1104 768 transgressione
1115 688 1150 768 2)
1177 688 1238 750 de-

84 775 187 858 disse,
215 783 250 836 et
271 771 605 836 excommunicationis
627 773 817 834 sententiam
838 772 956 852 ferant,
983 781 1017 835 ct
1037 791 1144 838 rursus
1163 792 1240 836 mu-

84 869 151 922 tato
172 859 282 922 habitu
303 859 334 920 in
355 857 555 920 monasteriis
585 855 687 918 donec
717 857 800 920 diem
831 857 973 920 ultimum
1000 858 1148 926 claudant
1176 860 1239 922 sub

82 945 243 1010 aerumnis
264 943 380 1006 arduae
401 943 613 1024 poenitentiae
633 952 783 1006 maneant
803 943 964 1026 religatae.

635 1067 691 1132 Vl.

172 1156 326 1236 Quoniam
337 1155 371 1236 8)
388 1156 553 1236 hucusque
566 1151 747 1218 dissolutae
767 1155 958 1236 operationis
979 1153 1116 1218 effectus
1137 1157 1238 1219 inter-

87 1244 162 1306 dum
181 1253 303 1305 mutare
316 1242 348 1314 Ι)
376 1243 453 1304 fecit
480 1243 636 1303 honestae
657 1241 889 1302 constitutionis
911 1241 1066 1323 edictum,
1093 1242 1166 1302 dum
1186 1242 1238 1304 in·-

88 1329 214 1394 oondite
233 1327 266 1406 5)
300 1329 417 1390 resolvi
436 1321 624 1408 ¹putaturl)
658 1325 753 1408 quod.
772 1325 985 1388 indissolubile
1000 1326 1034 1404 ⁷)
1063 1327 1238 1388 sanctionis

88 1417 277 1478 auctoritate
307 1419 448 1494 tenetur,
478 1412 558 1474 adeo
574 1411 607 1492 ⁸)
635 1413 783 1493 quidquid
804 1413 930 1475 obvium
952 1431 993 1472 ex
1013 1413 1133 1473 incerto
1158 1415 1243 1473 con-l

87 1502 182 1564 currit
199 1496 233 1580 ο)
264 1498 433 1560 evidenter
457 1495 552 1577 abjici
578 1493 756 1579 decet,‘nt
784 1497 824 1558 de
850 1505 960 1559 cetero
988 1496 1062 1557 nilril
1089 1498 1237 1578 supersit,

89 1586 172 1667 quod
192 1587 225 1646 in
246 1583 371 1646 dubium
391 1583 563 1661 nutet²⁰):
584 1583 719 1663 ideoque
739 1583 769 1644 si
791 1584 821 1643 in
843 1584 981 1663 qualibet
1001 1583 1109 1642 minori
1131 1588 1243 1643 aetate

89 1672 143 1732 vel
161 1670 322 1752 religionis
339 1678 499 1732 tonsuram
514 1669 566 1750 vel
587 1669 728 1750 religioni
749 1667 886 1729 debitam
905 1675 1030 1728 vestem
1051 1669 1083 1726 ln
1104 1677 1239 1749 utroque

91 1771 172 1818 sexu
194 1754 265 1816 filiis
286 1762 341 1816 aut
361 1772 443 1816 unus
463 1761 519 1815 aut
539 1755 630 1814 ambo
651 1761 799 1834 parentes
821 1753 980 1835 dederint,
1010 1753 1162 1831 certe¹¹)
1183 1761 1242 1814 aut

87 1841 268 1904 nolentibus
294 1840 348 1900 vel
376 1840 590 1901 nescientibus
603 1838 657 1917 Η)
687 1847 869 1919 susceptam
896 1857 958 1898 non
984 1857 1059 1898 mox
1083 1838 1184 1899 visum
1205 1839 1238 1899 in

88 1925 161 1988 filiis
182 1925 405 2007 abdicaverint,
426 1925 552 1986 sedvel
575 1943 678 1986 coram
700 1943 737 1986 se
758 1925 810 1984 vel
832 1941 937 1986 coram
959 1923 1098 1985 ecclesia
1115 1925 1239 2004 palam-

90 2031 151 2093 que
168 2011 374 2072 inconvento
391 2009 520 2072 eosdem
540 2009 621 2072 lilios
642 2011 718 2072 talia
737 2009 854 2072 habere
874 2009 1080 2091 permiserint,
1100 2009 1140 2070 ad
1162 2029 1240 2071 sae-

90 2097 226 2159 cularem
241 2098 359 2157 reverti
373 2097 513 2157 habitum
534 2096 612 2175 ipsis
632 2094 705 2157 filiis
722 2095 908 2176 quandoque
929 2095 1055 2176 penitus
1075 2113 1137 2156 non
1158 2095 1240 2157 lice-

89 2184 153 2264 bit,
181 2175 241 2243 sed
269 2181 424 2262 convicti,
453 2178 538 2263 quod
569 2189 730 2242 tonsuram
757 2190 812 2243 aut
832 2181 1011 2262 religiosam
1032 2189 1158 2242 vestem
1180 2181 1241 2243 ali·-

90 2267 215 2350 qnando
235 2268 417 2346 habuerint,
438 2285 513 2326 mox
534 2265 574 2327 ad
594 2267 754 2348 religionis
774 2276 808 2328 et
822 2267 877 2346 ¹³)
899 2268 1017 2328 cultum
1037 2265 1249 2348 habitumque

89 2361 297 2433 revocentur,
319 2360 354 2412 et
375 2352 433 2412 sub
456 2359 584 2413 aeterna
596 2350 652 2431 Η)
675 2351 869 2414 districtione
889 2351 1108 2430 hujuscemodi
1128 2353 1248 2414 obser-³

91 2439 222 2499 vantiae
235 2437 386 2498 inservire
401 2445 562 2518 cogantur.
589 2435 777 2499 Parentibus
797 2455 876 2508 mne
897 2436 979 2499 filios
1000 2455 1077 2498 snos
1097 2437 1248 2520 religioni*

92 2522 278 2586 contradere
304 2539 366 2584 non
395 2523 528 2602 amplius
554 2540 648 2602 quana
675 2541 776 2603 usque
804 2522 845 2584 ad
873 2521 1026 2583 decimum
1039 2520 1093 2600 Η)
1123 2523 1249 2584 aetatis·

91 2627 200 2670 eorum
227 2624 338 2670 annum
363 2608 491 2669 licentia
517 2609 633 2688 poterit
662 2627 754 2689 esse,
783 2615 898 2688 postea
917 2617 1002 2669 vero'
1022 2627 1063 2669 an
1084 2625 1157 2668 cum
1177 2625 1242 2668 vo-

90 2695 213 2758 luntate
232 2702 403 2775 parentum,
426 2712 465 2754 an
487 2711 565 2754 suae
587 2693 765 2754 devotionis
785 2694 829 2755 sit
850 2693 1020 2754 solitarium
1038 2702 1159 2774 votum,
1181 2693 1241 2778 erit

90 2779 163 2842 filiis
182 2781 308 2842 licitum
333 2779 502 2861 religionis·
522 2797 684 2841 assumere
713 2780 839 2842 cultum.
863 2811 866 2816 ·
889 2777 1040 2860 Quisquis
1060 2789 1170 2841 autem·
1186 2777 1248 2840 vel·

90 2863 260 2928 abolitione
286 2875 436 2928 tonsurae
461 2864 515 2924 vel
540 2866 712 2927 saecularis
731 2867 835 2927 vestis
856 2866 1071 2945 assumptione
1094 2865 1251 2927 detectus?

91 2951 185 3012 fuerit
216 2951 365 3031 attigisse
383 2952 683 3032 transgressionem,
704 2957 747 3012 'et
770 2951 1100 3014 excommunicationis¹
1121 2963 1251 3014 census-³

92 3053 158 3097 ram
180 3035 316 3116 accipiat
335 3043 369 3098 et
384 3035 530 3116 religioni
550 3053 675 3118 semper
696 3037 868 3100 inhaereat.
909 3061 914 3073 ¹

597 3163 668 3226 m
681 3168 714 3204 ra

109 3245 112 3252 '
176 3241 339 3330 septimae
374 3247 549 3316 collationis
582 3163 877 3329 objectuJimmane
910 3247 990 3310 satis
1021 3255 1055 3310 et
1084 3236 1252 3324 infandum]

91 3335 282 3415 operationis
301 3330 440 3414 studium
458 3353 542 3398 nunc
561 3343 706 3414 sanctum
722 3344 862 3399 nostrum
878 3332 954 3395 adiit
970 3333 1143 3415 concilium,
1159 3331 1253 3415 qnod¹

89 3413 231 3502 plerique
261 3439 303 3480 ex
331 3419 549 3504 sacerdotibus
578 3429 619 3502 et,
639 3421 763 3501 levitis,
794 3420 847 3500 qui
868 3437 922 3499 pro
944 3419 1044 3480 sacris
1064 3420 1250 3482 ministeriis.

94 3514 129 3565 et
147 3505 276 3584 pietatis
296 3505 400 3566 studio
418 3506 716 3588 gubernationisque
737 3513 907 3588 augmento
929 3513 1061 3581 sanctae
1083 3506 1243 3568 ecclesiae

93 3587 237 3667 deputati
263 3597 338 3650 sunt
364 3589 484 3672 officio,
514 3592 634 3672 malunt
660 3591 772 3652 imitari
800 3590 922 3653 turbam
950 3591 1097 3652 malorum
1126 3592 1242 3672 potius,

93 3691 188 3759 quam
212 3680 391 3736 sanctonum
412 3684 535 3758 patrum
557 3677 703 3740 insistere
723 3677 897 3740 mandatis:
929 3685 966 3738 ut
992 3677 1053 3756 ipsi
1074 3676 1171 3740 etiam
1190 3677 1254 3757 qui,

126 3923 156 3992 1)
174 3925 283 3977 olleriras
299 3923 337 3978 M.
371 3955 408 3967 -
443 3929 473 3996 ²)
490 3913 717 3997 transgressionem
733 3931 771 3984 M.
805 3958 840 3970 -
876 3927 905 3996 8)
926 3927 990 3979 Com
1006 3911 1044 3979 M.
1078 3951 1112 3964 -
1147 3923 1177 3993 4)
1195 3911 1255 3976 rrtrss¹

159 4001 218 4046 tore
240 3995 277 4046 Μ.
315 4026 353 4036 -
398 3996 428 4065 ὅ)
450 3999 576 4065 incopnite
592 4001 620 4054 in
638 4019 674 4053 ιιι.
691 4002 730 4052 Μ.
769 4029 805 4039 -
853 3995 882 4064 0)
906 4000 1013 4049 edictum
1030 3995 1196 4064 proponimus
1210 4010 1254 4046 oro·

159 4065 252 4116 resolvi
267 4071 373 4146 portant·
388 4063 418 4118 in
435 4083 469 4119 nr.
487 4071 525 4122 M.
551 4098 588 4110 —
624 4071 654 4134 l)
669 4069 843 4122 indissolubili
859 4066 923 4120 ibid.
947 4095 991 4136 1-
1029 4064 1062 4133 ⁸)
1078 4066 1135 4116 ideo
1152 4066 1190 4146 M.
1207 4092 1243 4104 -

125 4128 157 4197 ⁹)
175 4134 285 4214 Maluit
300 4151 329 4186 ιιι
342 4140 370 4197 t,
387 4139 499 4190 occurrit
519 4139 550 4191 in·
567 4156 601 4192 m.
614 4139 653 4192 M.
674 4168 711 4179 -
741 4140 792 4208 10)
809 4144 912 4190 notetur
928 4135 966 4189 M.
983 4132 1244 4204 (notetursgurrra).

105 4201 243 4270 lllsortc
264 4221 344 4282 mtnr.
361 4203 399 4256 M.
444 4235 480 4246 -
530 4209 579 4284 μ)
602 4222 630 4260 se
652 4210 712 4293 add,
736 4207 775 4260 M.
818 4237 855 4248 -
910 4205 1169 4291 1³)etuonr3alM.
1207 4233 1244 4244 --

104 4269 157 4408 iii
173 4281 325 4396 ’ὖὲᾜέἭὲ
340 4275 510 4399 gnon]
536 4277 797 4402 ii³i“i‘¹‘i⁷'²i.=''¹’
812 4279 846 4400 i¹’
862 4276 1093 4398 rapam...
1108 4292 1188 4401 iiim·
1205 4273 1244 4328 n.

159 4411 322 4496 sanantibus
340 4361 489 4470 mistirium
506 4379 676 4484 laodonst'm‘,
697 4386 726 4471 iri
744 4361 926 4485 qffibmesquneg
937 4362 1034 4468 {gagii
1050 4361 1244 4494 :Mmadieiiii

109 4505 114 4514 a
160 4487 349 4552 praeponrtnr:
365 4485 499 4552 Septimus
515 4487 594 4553 ipitor
610 4489 781 4556 oppressionis
793 4487 858 4558 jorn
872 4491 901 4538 in
919 4485 1067 4538 obliuionem
1084 4485 1188 4538 recincta
1203 4483 1245 4536 lric

160 4550 248 4632 sttbtor
264 4555 408 4606 mammos
425 4555 574 4620 inserendo,
595 4571 660 4624 crure
676 4558 792 4611 erroribus
806 4561 878 4628 polet
896 4572 951 4609 esse
967 4555 1139 4610 mlodierrdo.
1172 4555 1244 4606 Nota

159 4619 298 4676 lidrtomm
312 4626 370 4678 coll.
384 4623 461 4696 llisp.
478 4658 514 4669 -
530 4627 609 4694 Apud
626 4626 755 4684 isidorum
772 4643 823 4681 non
843 4631 916 4696 extat
931 4625 975 4680 hio
992 4641 1085 4690 canon.
1111 4623 1243 4682 Harduirr.
