2916 5050
357 229 576 308 concinunt
598 226 938 300 onustissimus
949 229 1006 300 ΠΙ.
1198 233 1266 298 123

189 489 314 552 Placuit
334 505 411 570 ergo
433 487 465 552 in
485 488 636 570 principio
657 496 783 570 propter
809 505 942 552 errorem
970 491 1022 570 qui
1046 509 1147 574 saepe
1173 485 1257 558 solet

103 575 231 656 oboriri,
261 582 298 636 ut
325 591 436 636 omnes
456 573 625 650 Africanae
645 573 825 655 provinciae
846 574 987 656 episcopi
1005 577 1256 659 observationem
1315 620 1319 628 ,

102 661 286 744 paschalem
299 657 332 738 ¹)
344 659 400 722 mh
422 660 562 731 ccclesia
582 660 824 743 Carthaginensi
844 670 953 724 curent
973 663 1126 743 accipere.

192 825 342 900 Similiter
368 827 506 908 placuit,
533 836 568 904 ut
593 824 719 912 pr'opter
746 847 861 908 causas
888 829 1146 915 ecclesiasticas,
1173 854 1255 918 quae

20 909 21 992 j
104 911 145 975 sd
167 913 344 994 pemiciem
373 915 508 994 plebium
536 933 635 996 saepe
664 922 887 995 veterascunt,
920 917 1054 999 singndis
1082 922 1255 1002 quibusque

105 997 196 1062 annis
224 999 389 1062 concilium
417 1005 626 1082 convocetur,
652 1002 692 1065 ad
719 999 802 1083 quod
830 1018 938 1063 omnes
959 1004 1153 1086 provinciae,
1173 1023 1263 1088 quac·

105 1083 220 1168 primas
246 1083 343 1146 sedes
364 1085 496 1165 habent,
526 1085 566 1148 de
588 1087 729 1152 conciliis
749 1085 817 1148 suis
846 1093 952 1148 ternos
967 1091 1001 1166 ²)
1028 1090 1158 1172 legates·
1180 1093 1264 1154 miss

106 1176 184 1249 taut,
205 1177 241 1230 ut
262 1178 295 1232 et
313 1171 415 1232 minus
436 1169 581 1234 invidiosi
601 1173 765 1253 minusque
785 1171 960 1250 hospitibus
981 1178 1155 1255 sumptuosi
1176 1196 1256 1240 oens

19 1297 20 1314 ι
104 1262 221 1316 ventus
236 1254 270 1334 ⁸)
291 1255 384 1337 plena
404 1256 508 1337 possit
528 1276 603 1320 esse
623 1259 809 1334 auctorites3
831 1255 871 1318 de
883 1258 998 1337 'lripoli
1011 1269 1116 1324 sutem
1131 1272 1256 1344 propter

18 1367 19 1376 ¹
105 1339 241 1422 inopiam
261 1341 479 1423 cpiscoporum
498 1359 580 1408 unus
601 1345 770 1425 episcopus
790 1341 952 1421 veniant).

192 1509 271 1572 ltem
291 1510 427 1592 placuit,
454 1520 490 1572 ut
520 1509 696 1576 ordinandis
716 1511 874 1591 episcopis
894 1511 947 1574 vel
969 1512 1092 1575 clericis
1111 1512 1196 1593 prius
1215 1515 1256 1576 sb

107 1593 332 1662 ordinatoribus
359 1597 427 1662 suis
453 1595 582 1658 decreta
602 1598 799 1660 conciliorum
822 1597 948 1659 auribus
969 1617 1075 1660 eorum
1095 1599 1265 1662 inculcem·¹

17 1689 19 1762 j
109 1689 179 1762 tur,
198 1700 238 1742 ne
259 1699 297 1744 se
319 1681 434 1764 aliquid
454 1691 563 1746 contra
583 1691 704 1764 statuta
720 1681 844 1746 concilii
866 1682 982 1746 fecisse
1002 1692 1148 1748 asserant
1161 1684 1207 1762 ὅ).

191 1851 269 1912 ltem
297 1849 429 1934 placuit,
461 1859 498 1914 ut
523 1860 596 1914 ante
622 1853 735 1936 viginti
763 1853 898 1936 quinque
929 1872 1029 1918 annes
1056 1854 1171 1918 aetatis
1196 1871 1262 1916 nec

16 1929 18 1956 '
108 1936 231 1999 diaconi
245 1935 279 2015 ⁸)
301 1936 491 2018 ordinentur,
513 1957 573 2000 neo
594 1940 734 2022 virgines
754 1947 991 2020 consecrentur,
1013 1948 1047 2002 et
1067 1948 1102 2004 ut
1122 1940 1258 2008 lectores

106 2022 252 2104 populum
275 2040 336 2084 non
357 2022 495 2086 salutent
508 2021 551 2103 l).
660 2107 692 2172 v
788 2103 791 2110 Δ
968 2031 975 2041 “

191 2159 271 2256 n'sm
295 2191 429 2272 prasus,
456 2182 491 2254 ut
518 2193 613 2256 ssim
641 2155 701 2276 psi
722 2194 970 2258 solemnissimos
994 2193 1162 2282 psssnsrss
1189 2192 1259 2258 tiss

108 2285 339 2343 sacramentum
359 2276 594 2342 catechumenis
614 2297 677 2342 non
698 2279 806 2362 detur,
824 2279 885 2342 nisi
906 2280 1031 2342 solitum
1053 2280 1100 2342 sal
1112 2279 1163 2360 ⁸),
1185 2280 1259 2362 quia
1300 2316 1302 2320 f

15 2411 16 2416 ι
110 2363 138 2426 si
159 2363 270 2426 fideles
291 2381 347 2444 por
367 2362 437 2424 illos
453 2361 521 2444 dics
542 2373 771 2429 sacramentum
791 2384 853 2429 non
873 2373 1003 2446 mutant,
1025 2383 1084 2430 nec
1105 2366 1258 2430 catechu-

109 2451 209 2512 menis
228 2456 351 2530 oportet
371 2449 482 2510 mutari
496 2447 540 2527 ο).

140 2617 143 2626 ’
193 2617 272 2680 ltem
300 2617 435 2698 placuit,
466 2625 501 2678 ut
529 2619 708 2699 corporibus
735 2616 947 2680 defunctorum
978 2614 1167 2679 eucharistia
1196 2638 1258 2680 non

111 2703 216 2786 detur3
237 2702 353 2765 dictum
375 2712 426 2780 est
447 2703 528 2764 enim
550 2722 570 2766 a
590 2703 728 2766 domino:
749 2703 895 2784 Accipite
915 2709 949 2762 et
969 2700 1062 2764 edite.
1093 2701 1259 2766 cadavere

110 2798 215 2851 sutem
236 2807 296 2851 nec
316 2790 460 2870 accipere
481 2798 614 2869 possunt
634 2807 695 2872 nec
716 2788 819 2852 edere.
862 2785 1047 2858 Cavendum
1074 2797 1126 2852 est
1153 2789 1259 2870 etiarm

110 2894 151 2938 ne
172 2883 310 2936 mortuos
329 2875 481 2956 baptizari
501 2893 597 2956 posse
619 2875 744 2937 fratrum
765 2873 925 2956 infirmitas
946 2871 1071 2954 credet,
1100 2893 1171 2938 cum
1199 2895 1259 2938 eu·-

111 2957 291 3024 cheristiem
310 2959 439 3028 mortuis
460 2977 522 3022 non
543 2958 674 3039 dari10)
701 2958 1027 3038 animadverterit¹¹).
1106 3033 1109 3041 p

192 3129 341 3194 ,Aurelius
353 3119 522 3212 episcopus
536 3129 627 3192 dixit:
639 3127 790 3212 Quisquis
802 3131 1017 3210 episcoporum
1029 3139 1207 3213 accusatur,
1218 3131 1259 3200 ad

111 3214 271 3296 primatem
284 3216 338 3295 ¹²)
355 3215 534 3296 provinciae
554 3216 653 3296 ipsius
675 3233 804 3278 causam
824 3214 944 3276 deferat
958 3223 1138 3298 accusator3
1158 3233 1218 3280 neo
1240 3235 1259 3282 ιι

112 3303 326 3366 communione
339 3299 548 3383 suspendatur
560 3301 610 3363 cui
623 3301 738 3363 crimen
753 3299 919 3386 intenditur
929 3303 939 3337 ¹
949 3299 993 3380 ³),
1008 3299 1068 3362 nisi
1078 3301 1119 3363 ad
1132 3321 1260 3368 oausam
1283 3299 1289 3315 '

112 3389 201 3448 suam
214 3386 376 3450 dicendam
389 3387 529 3468 primatis
541 3385 595 3466 Η)
608 3387 705 3450 literis
720 3393 874 3450 evocatus
885 3388 895 3423 ¹
905 3382 939 3464 5)
950 3385 1073 3464 minime
1084 3392 1260 3472 occurrerit,

113 3513 303 3530 ff

151 3570 179 3640 1)
197 3570 397 3640 obserocticnpnt
413 3571 466 3624 diei
482 3573 611 3639 pressistis
627 3571 661 3626 C.
675 3569 752 3640 Hisp.
793 3599 829 3612 -
881 3569 911 3638 ²)
934 3569 1007 3623 binos
1023 3578 1068 3624 ont
1084 3579 1193 3707 3unntos
1209 3575 1261 3642 ele,
1299 3552 1303 3557 ¹

145 3670 148 3682 ·
182 3643 266 3708 perint
291 3643 422 3710 episcopos
444 3643 541 3708 lepntos
565 3645 669 3695 mittunt
692 3641 774 3694 Hard.
797 3647 824 3694 st
845 3640 877 3692 C.
894 3639 952 3692 His.
986 3668 1033 3697 -,
1069 3644 1081 3680 ³
1120 3645 1262 3710 namptnosi

182 3713 297 3763 esistunt
321 3719 346 3762 ct
368 3713 396 3761 in
417 3720 568 3778 cmtprepntn
591 3719 712 3766 contemto
735 3713 812 3778 plene
833 3718 881 3764 cte.
904 3710 988 3763 Herd.
1010 3716 1039 3762 et
1060 3711 1092 3763 C.
1116 3711 1192 3779 Hisp.
1216 3717 1261 3753 “-
1350 3747 1354 3754 -

142 3782 179 3848 ⁴)
197 3781 352 3833 Rheinweld
370 3783 386 3833 l.
403 3797 426 3836 c.
443 3800 470 3850 p.
483 3782 518 3834 94
534 3789 587 3834 not
604 3783 631 3836 e.
683 3809 719 3820 --
776 3780 805 3847 ὅ)
822 3780 967 3847 poeniteant
985 3781 1037 3832 duo
1054 3796 1116 3848 mss.
1133 3781 1216 3834 Hatd.
1234 3789 1262 3835 et

184 3851 217 3903 C.
234 3851 310 3919 Hisp.
345 3879 380 3892 -
432 3851 462 3918 θ)
480 3852 598 3903 diacones
615 3853 647 3904 C.
663 3849 740 3918 Hisp.
781 3878 817 3889 —-
870 3849 898 3916 ⁷)
916 3848 1069 3902 Rheinwald
1088 3853 1104 3902 1.
1122 3867 1144 3903 c.
1162 3853 1261 3920 pttt.

185 3926 239 3972 not.
255 3922 281 3972 2.
299 3951 334 3962 -
350 3921 409 3976 Hoc
427 3920 569 3988 capitulum
585 3921 614 3972 in
631 3919 738 3973 vetustis
756 3917 913 3988 quibusdam
928 3920 1064 3974 codicibus
1080 3921 1119 3974 sio
1138 3921 1261 3977 habetur:

184 3993 250 4042 ltine
265 3992 377 4056 pientii,
399 3997 428 4042 nt
446 3992 553 4044 lectores
566 3993 688 4058 popohrm
703 4007 754 4042 non
768 3991 895 4054 salutent,
918 3997 943 4041 et
959 3999 988 4042 nt
1004 3999 1065 4044 nette
1080 3993 1171 4058 oininti
1186 3995 1262 4060 prtin-

184 4075 232 4127 qae
252 4077 332 4114 namna
347 4075 393 4112 nco
409 4061 495 4112 clerici
510 4062 659 4114 ordinarias·
664 4097 675 4126 ,
690 4061 742 4111 oriri
755 4061 867 4127 primm
882 4060 976 4112 diuinis
991 4063 1129 4128 scriptoris
1143 4064 1266 4116 instrasti

185 4130 224 4180 tol
244 4129 277 4179 nb
295 4129 406 4195 insontia
418 4132 522 4196 cniditi,
538 4138 644 4198 proptor
656 4130 716 4194 fidei
726 4131 962 4197 proseuionetnnel
974 4133 1147 4184 assertionem.
1166 4133 1261 4186 blansi.

152 4200 182 4263 θ)
199 4199 265 4248 sniis
272 4197 305 4254 ,0.
316 4199 391 4268 Hisp.
408 4227 444 4238 —-
460 4203 548 4254 lnnrs.
558 4207 647 4254 nostro
664 4199 779 4268 optimae
796 4206 874 4254 notes
891 4199 989 4265 legitur
1005 4200 1120 4254 diserte:
1137 4203 1190 4254 nisi
1199 4205 1263 4254 soli·
1314 4212 1317 4222 ¹

188 4271 241 4316 tana
254 4269 355 4320 solvatis.
369 4269 450 4320 Hard.
464 4296 500 4308 -
525 4271 554 4338 ὓ)
567 4269 755 4322 cnteobrmaenos
765 4287 808 4336 op.
820 4277 921 4322 nectere
934 4269 965 4322 O.
976 4271 1096 4339 Hisp-
1111 4273 1161 4340 Ν)
1173 4271 1264 4338 prailius

186 4350 231 4386 trec
248 4337 426 4388 einharistinnr
442 4341 501 4392 ainsi
519 4340 550 4392 C.
569 4340 645 4410 llisp.
679 4368 715 4380 -
762 4339 813 4407 Η)
835 4341 933 4392 lieitrnn
949 4347 988 4392 est
1004 4341 1088 4394 Hard.
1106 4369 1142 4382 -
1163 4341 1263 4394 lihein·
1301 4389 1310 4406 ,

189 4404 253 4458 wald
272 4407 290 4458 1.
307 4421 330 4458 c.
349 4424 374 4475 p.
386 4406 438 4458 349
455 4411 561 4464 notsll.
579 4439 614 4450 --
647 4409 697 4477 ¹²)
712 4409 972 4477 princiacum».
994 4439 1029 4450 -
1064 4411 1113 4477 Η)
1131 4412 1263 4478 epscopm

186 4475 226 4526 cel
243 4475 349 4530 clericas
364 4477 512 4543 nrittsqranns
528 4481 588 4532 edd.
605 4479 676 4532 Ἡ.
689 4481 716 4530 2.
759 4505 795 4520 -··
851 4479 900 4546 Ν)
923 4481 1023 4546 minans
1045 4480 1113 4532 sedis
1137 4481 1219 4532 Hand.
1236 4485 1262 4531 et
1303 4477 1304 4484 ’

115 4613 121 4618 1
187 4544 218 4598 C.
230 4544 304 4614 llisp.
321 4548 456 4600 etenim-am
467 4548 592 4616 jrntieimn
608 4551 650 4602 die
666 4555 766 4602 ιιιιιιιιιι
783 4549 868 4606 literis
882 4556 929 4600 rte.
946 4565 992 4602 nn.
1007 4549 1122 4602 Soriens.
1137 4550 1217 4604 llard.
1228 4578 1262 4588 -

150 4616 199 4682 Η)
218 4617 260 4672 die
277 4625 376 4674 stntotn
393 4617 453 4671 add.
471 4619 501 4671 C.
520 4621 554 4672 lh
590 4647 625 4662 -··
723 4669 728 4678 ,
1092 4627 1094 4634 “
