2880 5050
338 291 580 357 concnam
601 273 872 358 robnnnuunr
891 293 979 358 xvi.
1168 286 1234 357 oro

81 461 240 527 acclesiae
262 461 436 526 antistitem
455 461 487 523 in
506 463 666 541 praefatae
679 461 881 526 bracarensis
901 460 989 527 sedis
1008 457 1187 544 pontificem
1198 461 1234 541 ι)

82 549 314 628 subrogamus,
350 565 389 609 ac
417 555 569 629 perpetua
597 549 760 624 sanctione
788 565 1038 630 unumquemque
1065 565 1170 611 eorum
1200 547 1234 608 in

82 632 233 714 praefatis
252 630 286 708 ²)
322 631 452 692 sedibus
484 633 723 712 continuamus,
759 642 918 712 quatenus
943 642 1074 714 uterque
1103 631 1232 698 easdem.

84 735 165 798 quas
186 715 362 795 suscipiunt
383 717 539 778 ecclesias
559 718 611 798 pia
638 715 869 797 praedicatione
894 719 1070 800 instruant,
1095 719 1232 800 moribus

83 799 206 864 sanctis
227 809 393 880 exornent,
416 820 455 863 ac
476 803 589 862 beatae
610 803 697 862 vitae
719 803 871 882 exemplis
889 802 1073 884 aedificent,
1093 812 1130 864 ut
1149 821 1232 865 una-

82 888 225 948 nimitate
246 884 375 947 mirabili
395 885 427 946 in
447 905 542 946 unum
556 885 691 966 collecti,
712 905 807 948 unum
827 905 941 966 corpus
962 886 1080 970 effecti,
1102 889 1150 948 eis
1171 907 1232 948 no-

82 972 206 1033 biscum
226 972 258 1030 in
279 968 423 1051 synodali
437 978 594 1032 conventu
609 973 723 1050 pariter
738 969 954 1054 residentibus,
970 974 1112 1054 illapsum
1129 973 1234 1034 sancti

83 1057 213 1136 spiritus
233 1063 268 1116 ut
289 1054 452 1118 duodecim
475 1057 608 1136 apostoli
626 1075 806 1138 mereamur,
826 1076 887 1138 quo
904 1055 974 1137 ejus
991 1059 1067 1139 igne
1084 1057 1233 1119 succensi

85 1150 120 1202 et
154 1140 294 1202 doctrina
323 1141 432 1201 imbuti
463 1157 544 1221 quae
571 1141 611 1202 ad
635 1141 829 1220 disciplinam
856 1143 1108 1204 ecclesiasticam
1132 1143 1234 1222 perti-

84 1225 226 1303 neaut³)
243 1234 276 1286 et
295 1225 336 1286 ad
350 1225 599 1304 compescendos
612 1243 782 1306 pravorum
803 1228 959 1288 hominum
980 1235 1083 1288 mores
1104 1227 1235 1308 aequis-

86 1312 166 1372 sime
192 1311 424 1392 promulgemus
451 1318 484 1370 et
504 1311 614 1372 laudes
636 1312 787 1372 altissimo
809 1311 935 1374 devotis
955 1313 1111 1374 mentibus
1138 1331 1235 1392 praa-

33 1462 38 1467 ,
85 1396 236 1458 cinamu's.
279 1393 371 1470 Quod
391 1393 541 1457 videlicet
568 1396 692 1478 collegii
712 1398 809 1457 nostri
831 1396 991 1458 decretum
1012 1399 1115 1479 gestis
1135 1415 1236 1478 syno-

84 1479 207 1542 dalibus
227 1497 248 1542 a
268 1482 358 1542 nobis
378 1481 410 1541 in
430 1481 563 1543 concilio
584 1480 768 1542 definiendis
788 1481 898 1559 foret)
919 1482 1101 1545 sociandum
1122 1481 1236 1545 decer-

84 1565 189 1627 nimus
210 1572 244 1628 et
264 1565 367 1628 locum
386 1566 449 1628 illic
472 1565 610 1630 debitum
631 1575 666 1627 ut
686 1567 825 1629 obtineat
847 1565 1019 1630 definiimus.

218 1733 437 1797 heredita
465 1735 504 1797 in
533 1733 846 1804 confirmatione
875 1733 1103 1814 concilii⁵).
1163 1739 1166 1750 “
1269 1809 1272 1824 Ι

171 1857 340 1944 synodalis
366 1869 542 1924 conventus
564 1867 597 1921 et
616 1881 782 1922 numerosa
805 1859 951 1924 adunatio
972 1861 1171 1924 sacerdotum
1197 1877 1235 1920 eo

86 1947 292 2008 venerabilior
317 1949 441 2008 cunctis
467 1945 683 2028 perpenditur,
706 1966 751 2008 eo
778 1946 975 2008 nihilominus
1001 1947 1144 2008 terribilis
1164 1965 1237 2007 cer-

85 2029 185 2111 nitur,
213 2031 296 2110 quod
316 2033 347 2092 in
368 2031 469 2092 medio
492 2039 602 2093 coetus
624 2051 730 2092 eorum
750 2033 930 2112 praesentia
950 2031 1128 2094 individuae
1149 2029 1237 2114 trini-3
1332 2047 1335 2058 ¹

86 2115 164 2178 tatis
185 2114 301 2177 adesse
329 2136 525 2196 nequaquam
550 2117 737 2198 ambigitur,
770 2126 882 2178 sancto
911 2125 1106 2196 protestante
1135 2135 1237 2176 evan-

86 2201 192 2278 gelio:
217 2200 405 2284 Ubicumque
419 2205 547 2282 suerint
569 2202 630 2264 duo
652 2201 703 2264 cel
722 2212 787 2264 tres
810 2203 844 2264 in
864 2201 991 2264 momine
1011 2223 1079 2264 meo
1101 2199 1236 2274 collecti,

88 2283 137 2344 iit
157 2305 225 2346 sum
246 2293 278 2346 et
301 2307 358 2367 ego
380 2289 416 2348 ia
436 2287 540 2348 medio
562 2306 667 2348 eorum
680 2285 723 2364 θ).
753 2277 908 2363 Quocirca
928 2289 1000 2368 quia
1021 2307 1058 2350 se
1079 2288 1111 2348 in
1132 2303 1238 2348 eorum

89 2367 192 2432 medio
213 2373 338 2450 superui
359 2371 582 2451 omnipotentia
602 2373 736 2432 numinis
755 2371 872 2433 adesse
892 2371 1039 2452 innotuit,
1061 2370 1135 2450 quid
1156 2367 1239 2430 aliud
1266 2403 1272 2410 -

90 2455 151 2516 nisi
172 2455 356 2536 quidquidt)
374 2477 426 2518 ore
447 2455 634 2535 depromitur
653 2457 851 2536 inspiramine
872 2463 924 2518 est
944 2455 1013 2536 ejus
1034 2445 1240 2530 effectum⁸)'

92 2540 201 2618 quise
222 2541 304 2602 inter
324 2559 381 2602 eos
402 2550 453 2602 est
473 2543 579 2602 lassus
598 2536 835 2604 habitaturum?
870 2539 961 2602 Unde
991 2541 1128 2622 gloriosa
1149 2555 1240 2600 sere-

90 2625 172 2686 nitas
193 2634 298 2687 nostra
319 2643 460 2706 eaquae
481 2626 667 2687 unanimitas
688 2645 794 2688 eorum
816 2623 1021 2706 deprompsit,
1043 2623 1134 2685 immo
1157 2640 1238 2703 quae

91 2728 148 2790 per
180 2729 233 2771 ora
269 2711 387 2772 iliorum
425 2711 552 2790 spiritus
587 2719 718 2772 sanctus
757 2712 988 2792 promulgavit,
1020 2705 1240 2770 venerabiliter

90 2795 234 2874 suscepit
248 2795 300 2874 θ),
332 2805 471 2857 amanter
497 2795 709 2876 amplectitur,
737 2804 770 2856 et
799 2815 855 2875 per
882 2793 974 2874 hujus
1002 2795 1086 2876 legis
1112 2803 1239 2856 nostrae
1255 2818 1276 2854 ¹.

89 2877 253 2941 decretum
280 2879 368 2942 firma
391 2882 424 2942 in
450 2890 634 2961 perpetuum
661 2899 788 2942 manere
817 2879 979 2960 decernit,
1013 2877 1241 2940 inconvulsibili

92 2965 266 3026 consistere
295 2967 482 3028 auctoritate
510 2965 663 3045 instituit,
692 2973 726 3026 et
752 2965 958 3028 omnimodum
983 2966 1074 3026 robur·
1101 2964 1240 3025 obtinere

93 3047 259 3112 decernit:
292 3052 417 3113 scilicet
447 3059 484 3112 ut
516 3069 535 3112 a
568 3050 744 3130 praesentis
775 3050 837 3112 diei
868 3050 1079 3130 temporisque
1112 3047 1240 3112 articulo

92 3135 175 3194 omni
193 3135 374 3216 vigilantia,
402 3135 483 3196 omni
505 3135 730 3216 sollicitudine,
759 3136 842 3196 omni
871 3137 965 3198 etiam
994 3153 1067 3197 cura
1097 3148 1241 3216 quaeque

93 3226 168 3279 sunt
200 3236 254 3298 pro
286 3220 449 3300 disciplina
475 3221 529 3281 vel
557 3221 692 3282 utilitate
721 3221 940 3284 ecclesiastica
970 3219 1001 3280 in
1029 3220 1091 3280 bac
1119 3215 1241 3300 synodo

93 3301 236 3386 delinita,
265 3321 407 3386 quaeque
428 3325 483 3386 pro
505 3305 698 3388 corrigendis
716 3323 880 3388 pravorum
901 3304 1036 3366 moribus
1057 3301 1159 3382 edita,
1185 3320 1241 3382 per

93 3395 226 3452 cunctas
259 3392 350 3472 regni
380 3387 479 3470 nostri
510 3392 688 3470 provincias
722 3392 760 3453 ab
795 3389 936 3460 omnibus
968 3387 1182 3450 custodiantur
1208 3391 1242 3448 et

93 3475 213 3554 absque
235 3473 338 3554 aliqua
359 3476 600 3556 scrupulositate
621 3475 674 3536 vel
702 3475 933 3538 controversiae
955 3473 1151 3556 oppositione
1172 3489 1243 3534 ser-

93 3565 215 3619 ventur.
280 3559 324 3620 Et
357 3561 429 3641 quia
461 3561 627 3642 ingruente
660 3561 827 3642 inguinalis
855 3561 970 3643 plagae
997 3558 1175 3621 vastatione
1203 3553 1244 3616 ad

93 3643 332 3706 Narbonensem
358 3645 469 3719 sedem
495 3647 689 3726 pertinentes
705 3645 759 3723 10)
790 3643 931 3727 episcopi
951 3661 1147 3726 nequaquam
1169 3647 1244 3702 sunt

94 3727 125 3786 in
147 3725 209 3788 hac
229 3737 340 3790 saneta
361 3728 482 3812 synodo
505 3731 691 3812 aggregati,
719 3729 797 3808 ideo¹
819 3751 875 3812 per
902 3733 985 3792 hanc
1006 3737 1133 3791 nostrae
1153 3744 1244 3787 man-

94 3808 270 3873 suetudinis
295 3815 401 3896 legem
430 3811 631 3876 instituentes
657 3813 822 3896 jubemus,
847 3823 884 3876 ut
908 3833 1018 3876 omnes
1040 3813 1080 3876 ad
1103 3809 1245 3892 ejusdem

94 3895 265 3958 cathedrae
295 3899 476 3964 dioecesim
494 3899 687 3980 pertinentes
715 3900 856 3980 episcopi
877 3900 908 3962 in
932 3899 1042 3962 eadem
1062 3899 1138 3960 urbe
1159 3899 1246 3960 Nar-

95 3983 177 4044 bona
199 4001 269 4046 cum
290 4003 349 4046 suo
371 3987 608 4065 metropolitano
630 3984 803 4048 adunentur
825 3991 857 4046 et
875 3985 998 4048 cunctis
1013 3982 1107 4066 hujus
1122 3981 1246 4048 concilii

96 4067 241 4146 capitulis
253 4069 384 4152 vigilaci
399 4073 437 4135 ab
460 4071 508 4132 eis
528 4070 730 4154 indagatione
752 4070 900 4152 perlectis
920 4069 1074 4133 accedant
1091 4069 1246 4134 ordinibus

95 4151 210 4216 debitis
238 4157 478 4238 subscriptores,
535 4156 577 4220 =Si
603 4155 675 4238 quis
708 4157 802 4240 igitur
830 4155 1008 4219 earumdem
1036 4155 1247 4242 definitionum

97 4327 296 4352 pun-u·-

137 4408 164 4476 ¹)
181 4413 208 4462 io
225 4413 347 4479 praefato
362 4417 519 4468 Rroeoreasi
533 4388 591 4470 sede
607 4417 728 4468 eioriiiter
744 4416 877 4483 partititus
892 4394 929 4470 ar.
945 4389 993 4454 '——
1034 4411 1064 4480 ²)
1081 4413 1192 4479 priuatis
1208 4411 1247 4467 Μ.

133 4480 164 4614 u
180 4483 436 4607 tillieto*
457 4485 500 4594 ὲ)
518 4485 810 4620 ttutttttt
910 4484 1193 4620 mn
1210 4481 1271 4592 l:

136 4620 165 4684 ⁹)
184 4589 291 4687 statuit
309 4592 345 4674 Μ’.
382 4592 416 4662 -’
461 4625 511 4693 1⁰)
528 4627 573 4694 ,aa
590 4625 625 4676 aa
642 4624 725 4676 uara.
742 4592 825 4678 ierim·
841 4603 968 4692 petraeo
985 4624 1023 4676 u.
1058 4651 1093 4662 -
1172 4587 1178 4605 ’
