2912 5060
174 279 244 348 m
437 271 572 344 CODEX
591 273 818 342 secessisti
840 275 1076 344 tumetum.

173 458 302 538 propter
320 462 420 514 sexus
438 447 493 512 vel
512 453 640 530 propter
658 447 836 512 senectutis
857 445 1064 514 tumularem
1084 447 1191 514 multis
1206 445 1241 528 Ι)
1260 445 1334 514 eliis

179 535 453 604 intercurrentibus
461 532 496 613 ²)
510 531 739 613 impedimentis
752 531 865 598 sdduei
876 551 940 598 non
952 530 1163 616 potentatui
1190 535 1278 598 Nam
1295 544 1334 600 nt

79 647 84 654 ’
177 623 273 706 aliqui
299 629 457 702 tamqnam
486 638 506 682 a
531 626 606 680 tuae
635 619 815 682 sanctitatis
840 619 939 686 latere
967 621 1150 704 mittantur,
1170 622 1258 702 ¹nulla
1280 621 1334 683 in-

76 770 80 778 ,
177 709 323 775 venimus
351 713 473 788 patrmn
499 703 863 786 synodooonstitutum.
911 702 994 783 Quia
1013 705 1088 770 illud
1109 705 1192 788 quod
1211 703 1335 788 pridem

177 815 234 880 per
255 789 389 856 cundem
408 790 630 870 ooipisoopum
649 798 789 852 nostrum
801 789 985 854 Faustinum
1010 799 1167 874 tamquam
1182 811 1224 854 ex
1240 800 1332 873 purte

177 879 314 947 Nieaeni
343 875 466 940 concilii
496 875 611 938 exinde
638 871 880 956 transmisistis,
918 877 950 938 in
978 880 1117 942 conciliis
1146 879 1331 960 verioribus,

178 983 262 1052 quse
290 963 483 1045 accipiuntur
513 961 649 1024 Nicaeni
674 980 695 1023 e
720 969 831 1025 sancto
861 961 978 1043 Cyrillo
1005 965 1193 1045 coepiscopo
1221 972 1332 1026 nostro

178 1049 415 1120 Alexandrinae
437 1047 594 1109 ecolesioe
621 1053 655 1108 et
682 1047 892 1110 evenerabili
911 1048 1020 1110 Attico
1042 1049 1333 1130 Constantinopoli-

179 1147 254 1202 tano
281 1135 422 1198 antistite
447 1151 490 1194 ox
523 1131 704 1196 authentico
731 1133 853 1214 missis,
882 1151 963 1216 quae
984 1135 1079 1197 etiam
1100 1144 1174 1198 ante
1194 1135 1255 1198 hoo
1275 1153 1333 1216 per

178 1221 392 1287 Innocentium
411 1218 627 1300 presbyterum
647 1225 681 1280 et
699 1218 883 1280 Marcellum
905 1219 1144 1304 subdiaconum,
1172 1240 1230 1301 per
1251 1239 1332 1302 quos

180 1308 222 1372 ed
243 1324 303 1370 nos
323 1305 363 1367 ab
385 1305 433 1366 eis
453 1303 572 1366 directe
591 1311 674 1385 sunt,
694 1303 1070 1392 venerabiliskmemorise
1083 1307 1243 1369 Boniseoio
1261 1306 1332 1388 epi-

180 1411 279 1474 seopo
306 1387 589 1472 praedecessori‘)
614 1396 722 1452 vestro
751 1408 772 1452 a
798 1389 933 1470 nobisl)
961 1393 1145 1454 transmissa
1171 1399 1270 1474 sunt,
1300 1393 1332 1454 in

180 1481 293 1565 quibus
319 1476 384 1539 talo
410 1474 524 1557 sliquid
551 1491 614 1536 non
641 1474 799 1556 potuimus
824 1476 967 1555 reperire.
1014 1478 1211 1540 Exeoutorcs
1237 1478 1333 1540 etiam

169 1567 315 1642 'clericos
333 1569 459 1624 vestros
480 1560 726 1642 quibuscumque
739 1559 774 1638 ο)
793 1561 973 1640 petentibus
993 1563 1089 1626 nolite
1109 1563 1252 1645 mittere,
1271 1581 1332 1624 no·

180 1653 236 1715 lite
257 1646 441 1727 concedere,
461 1665 502 1707 ne
522 1647 677 1725 iirmosrun
692 1645 823 1728 typhum
841 1647 961 1710 soeculi
977 1647 1008 1708 in
1023 1639 1191 1712 ecclesiam
1204 1647 1333 1730 Christi,

182 1755 265 1822 quae
292 1735 396 1795 lucem
423 1731 631 1812 simplicitatis
660 1739 693 1793 et
726 1732 920 1796 humilitatis*
936 1731 1018 1796 diem
1051 1733 1190 1812 dsunt)
1224 1733 1333 1796 videre

181 1820 379 1905 cupientibus
406 1816 584 1898 praefert⁸)
595 1861 606 1898 ,
627 1816 830 1896 videamur⁹)
856 1817 1013 1882 iuducere.
1059 1821 1143 1883 Nam
1172 1819 1212 1884 de
1239 1821 1335 1882 fratre

181 1917 288 1973 nostro
315 1904 486 1985 Faustino,
514 1911 617 1966 amoto
641 1901 774 1983 jom10)
795 1921 849 1983 pro
872 1905 940 1966 suis
960 1905 1102 1968 nefandis
1124 1906 1270 1988 nequitiis
1291 1905 1332 1980 de

183 1993 302 2058 Christi
323 1990 462 2052 ecclesie
481 1988 614 2051 dolendo
635 1987 779 2070 Apiario,
802 1990 904 2052 securi
925 1991 1146 2074 sumus,'quod
1166 2010 1238 2052 eum
1258 2007 1335 2071 pro-

99 2135 101 2141 s
181 2073 348 2158 bitate11)
375 2092 415 2137 sc
435 2074 646 2137 moderatione
666 2083 741 2136 tune
761 2075 956 2156 sanctitatis,
984 2077 1075 2140 salva
1095 2079 1230 2140 irateme
1249 2077 1334 2140 ceri-

183 2173 267 2244 tate,
288 2160 418 2223 ulterius
438 2160 547 2222 Africa
566 2159 691 2220 minime
711 2158 931 2236 sustineren)
952 2163 1160 2242 potietur¹³).
1195 2163 1242 2227 Et
1261 2161 1331 2224 olio

182 2268 304 2314 mnu:
347 2245 498 2308 Dominus
534 2252 642 2306 noster
674 2245 876 2308 sanctitatem
908 2255 1048 2310 vestram
1080 2269 1164 2313 aevo
1192 2247 1331 2330 longiore

181 2342 396 2414 orantem-pro
417 2329 508 2394 nobis
526 2328 702 2413 custodiet,
724 2330 852 2420 domine
872 2331 966 2396 frater
978 2332 1042 2411 ¹⁴).
1110 2383 1111 2388 1

182 2491 385 2512 μ.

220 2586 248 2655 ι)
264 2584 305 2638 oei
321 2582 410 2636 multia
427 2579 458 2634 0.
470 2581 505 2634 Η.
532 2611 569 2623 -
603 2579 634 2648 2)
647 2581 839 2636 incorrectione
855 2582 884 2637 in
901 2598 985 2648 marg.
1002 2580 1099 2636 Marsi.
1128 2611 1165 2622 -
1200 2582 1229 2651 8)
1245 2589 1339 2650 poloc-

251 2661 312 2708 rttot
330 2651 457 2721 C..Hiap.
475 2657 579 2720 praeter
593 2651 643 2704 AE.
656 2653 713 2704 BR.
760 2683 797 2696 -
844 2654 874 2724 t)
893 2654 1018 2706 decessori
1036 2651 1066 2704 C.
1083 2653 1118 2704 H.
1135 2658 1162 2706 et
1181 2653 1264 2708 Hand.
1300 2681 1338 2692 -

220 2727 249 2795 t)
267 2741 314 2792 per
332 2723 430 2776 eosdem
448 2723 507 2774 add.
527 2722 558 2774 C.
576 2723 610 2773 H.
627 2727 655 2773 et
672 2722 755 2774 Hard.
789 2753 826 2764 -
861 2722 890 2790 ο)
908 2723 1035 2790 oliqoibes
1052 2722 1116 2776 ibid.
1151 2751 1187 2762 —-
1223 2723 1251 2792 i)
1270 2723 1348 2774 diem·

254 2795 351 2846 domici
367 2791 432 2844 ibid.
466 2822 503 2830 -
549 2791 578 2859 ⁸)
595 2793 676 2858 refert
693 2791 758 2844 ibid.
793 2821 829 2831 -
872 2791 901 2856 ⁹)
919 2795 1049 2844 videamus
1066 2791 1097 2844 C.
1119 2793 1154 2846 H.
1189 2819 1225 2830 -

215 2865 266 2931 ¹⁰)
284 2865 342 2914 doio
362 2862 422 2914 add.
441 2861 473 2912 C.
490 2863 524 2913 H.
558 2889 595 2902 ·-
626 2861 676 2928 11)
695 2877 786 2914 omnes
804 2862 836 2914 C.
855 2861 947 2930 Hisp:
970 2865 996 2914 ιἰι
1013 2864 1158 2930 monitam
1177 2859 1339 2914 deest-torte
1393 2893 1396 2901 ,

253 2933 323 3002 eins,
341 2937 387 2984 eut
404 2933 431 2982 ιἰι
448 2931 578 2996 probitate
596 2932 746 2994 legendnm.
781 2933 852 2984 Note
869 2932 979 2986 editoris
997 2932 1106 2986 Collect.
1124 2932 1200 2999 Hisp.
1234 2955 1268 2968 -

219 3004 269 3073 Η)
286 3003 411 3055 destituere
429 3001 503 3054 deest
519 3001 546 3053 in
559 3000 616 3052 cil
634 3029 669 3040 -
702 3002 928 3069 1³)pctietorin
945 3019 1028 3068 marg.
1039 3004 1075 3054 M.
1086 3033 1122 3042 -
1140 3001 1261 3054 Gieseler
1277 3001 1296 3052 l.
1314 3013 1339 3052 c.

240 3077 306 3127 ivel.
317 3075 352 3136 1.‚
370 3089 396 3139 p.
408 3069 517 3124 butero.
551 3097 587 3111 —-
632 3070 682 3137 1⁴)
699 3073 730 3123 In
747 3088 795 3122 ms.
813 3072 937 3125 additur:
968 3075 1244 3142 Expliciorrt.cnoortes
1261 3070 1343 3120 eccle-

255 3142 357 3196 siastici
374 3157 409 3192 eor
425 3142 520 3192 scrinio
538 3141 657 3192 ecciesiae
675 3143 806 3194 Romanae
820 3140 987 3209 [tenesmos
1006 3144 1065 3196 edd.
1084 3140 1194 3210 ab·el.].
1235 3141 1265 3191 ln
1284 3141 1342 3190 col-

255 3212 367 3267 lectione
384 3215 476 3264 nostra
492 3227 541 3264 nra.
558 3208 701 3278 Dionysii:
732 3213 851 3280 Ercpticit
865 3212 1018 3281 Africanum
1034 3214 1176 3266 conciliem.
1204 3209 1288 3262 Hord.
1305 3239 1343 3250 -
