2880 5050
219 235 287 306 Μ
483 234 725 306 cortuum
743 235 1014 306 romulum!
1032 236 1104 308 ΧΠ.

221 409 368 479 moenis
389 406 502 496 jugulo
516 407 550 493 ¹)
576 415 708 494 premat.
748 413 834 478 Nam
861 421 897 478 et
923 411 986 479 boo
1011 409 1200 497 generalior
1224 409 1396 566 obeeenrff

1221 499 1371 584 qurdqo

221 506 260 562 ut
279 497 427 580 quidquid
447 497 480 560 in
505 504 634 562 nostrae
661 499 780 584 gloriae
792 499 827 580 ²)
854 499 980 583 legibus
1005 498 1190 581 absurdum,

218 583 363 668 justitiae
380 583 507 647 videtur
525 587 600 646 ess'e
621 586 806 668 eontrarium
824 586 1037 650 unanimitatis
1049 583 1084 665 ⁸)
1104 593 1234 650 vestrae
1253 584 1392 668 judicio

222 671 403 753 eorrigatur.
442 668 492 731 De
514 671 630 734 ooteris
648 679 754 735 autem
775 673 882 736 oausis
901 681 997 754 atque
1017 673 1154 755 negotiis
1166 715 1177 755 ,
1205 691 1296 754 quae
1321 694 1391 736 no-
1422 717 1423 754 3

221 756 307 820 vella
326 763 508 836 oompetunt
527 756 722 820 institutione
741 757 912 841 firmam),
933 757 1125 822 evidentium
1144 761 1388 824 sententiarum
1422 799 1423 852 p

221 843 324 908 titulis
351 839 509 904 exaranda
520 839 554 920 ⁶)
584 843 792 926 eonsoribite,
818 851 855 906 ut
884 843 957 926 quia
981 852 1108 926 praesto
1134 853 1210 906 sunt
1230 846 1387 930 religiosi

221 927 449 1012 prouinciarum
469 935 610 990 rectores
631 937 666 992 et
678 929 916 993 olarissimorum
931 929 1069 992 ordinum
1082 929 1181 994 totius
1195 931 1385 1014 Hispaniae

222 1013 348 1097 duest,
378 1013 633 1095 promulgationis
659 1023 787 1078 vestrae
817 1016 993 1078 sententias
1020 1034 1124 1080 eoram
1147 1017 1247 1096 positi
1279 1037 1383 1099 prae-
1422 1049 1423 1066 r

221 1107 395 1164 noscentes
414 1117 454 1162 eo
475 1098 545 1162 illas
564 1100 597 1162 in
615 1102 801 1164 oommissas
822 1101 882 1164 sibi
902 1109 1050 1166 terrarum
1068 1101 1252 1166 latitudines
1267 1104 1306 1184 ο)
1328 1105 1382 1168 in-

222 1184 389 1248 oll'eusibili
409 1193 540 1248 exerant
555 1182 739 1266 judioiorum
758 1187 928 1268 instantio,
958 1205 1020 1268 quo
1046 1188 1301 1268 praesentialiter
1322 1209 1382 1256 as-
1422 1197 1423 1220 ¹

221 1269 375 1335 sistentes
395 1271 562 1352 perspicua
583 1273 645 1336 oris
664 1273 764 1334 vestri
784 1271 1029 1353 ooneeperint')
1055 1273 1210 1336 instituta.
1252 1273 1379 1342 Omnes

219 1363 326 1419 temen
346 1355 379 1418 iu
398 1373 561 1420 eommune
581 1359 746 1441 eonvenio‚
764 1365 799 1420 et
814 1376 875 1420 vos
895 1366 1003 1439 patres
1022 1359 1244 1422 sanctissimos
1261 1369 1298 1422 et
1311 1382 1375 1426 vos
1422 1409 1423 1436 t

219 1441 358 1506 illustres
379 1441 471 1504 aulae
491 1443 599 1526 regiae
619 1443 716 1526 viros,
733 1461 813 1526 quos
833 1443 987 1506 interesse
1008 1443 1081 1508 huie
1101 1451 1214 1509 saneto
1235 1447 1364 1510 ooner'lio
1422 1439 1423 1488 ἶ

221 1526 344 1610 delegit
368 1535 477 1590 nostra
500 1529 693 1612 sublinitas,
720 1549 778 1609 per
805 1526 902 1592 divini
926 1529 1059 1592 nominis
1078 1532 1309 1594 attestationem
1328 1539 1363 1596 et

220 1613 389 1680 terribilem
409 1613 533 1676 eunetis
550 1614 645 1676 liuturi
661 1612 771 1694 judieii
790 1613 883 1698 diem,
904 1615 978 1696 quie
998 1615 1067 1678 sine
1087 1633 1291 1696 personarum
1311 1637 1370 1681 eo-

220 1699 369 1780 oeptione
396 1699 500 1780 eliqua
527 1699 581 1761 vel
610 1699 735 1781 favore,
762 1699 831 1762 sine
859 1701 962 1782 aliquo
991 1719 1115 1782 quoque
1135 1710 1191 1764 aut
1211 1703 1372 1786 malignae

221 1784 464 1865 contemptionis
483 1785 629 1866 scrupulo
649 1793 705 1848 aut
724 1785 956 1848 subvertendae
969 1785 1114 1850 veritatis
1130 1786 1248 1870 studio,
1269 1807 1374 1870 quee-

221 1887 284 1954 que
313 1888 351 1932 se
379 1870 498 1932 vestris
525 1871 673 1934 sensibus
701 1869 857 1932 audienda
884 1871 1075 1954 ingesserint
1100 1887 1180 1935 sana
1204 1874 1373 1940 verborum

220 1955 451 2018 examinatione
472 1953 638 2036 discutite,
669 1955 783 2018 saniori
804 1974 928 2037 quoque
951 1955 1069 2036 judicio
1089 1959 1311 2040 comprobate,
1337 1970 1372 2024 ut

219 2039 402 2104 eollatarum
427 2039 534 2102 habita
553 2039 639 2120 prius
658 2039 880 2102 deliberatione
901 2059 1065 2104 causarum
1074 2087 1085 2126 ,
1111 2041 1250 2106 discreta
1269 2047 1370 2110 vestri

220 2123 337 2188 ordinis
370 2123 522 2186 enodatur
555 2125 695 2205 probitas
724 2125 903 2207 titulorum,
934 2127 1067 2208 qualiter
1099 2145 1171 2192 oum
1196 2147 1259 2192 vos
1282 2151 1369 2195 amor

218 2209 390 2290 aequitatis
408 2209 440 2271 in
460 2209 656 2292 negotiorum
676 2210 908 2274 aeoeleratione
928 2211 1095 2276 reddiderit
1114 2213 1269 2298 fervidos,
1288 2216 1363 2278 effi-

219 2293 339 2360 oientia
367 2311 491 2377 quoquo
514 2292 670 2375 justorum
695 2315 823 2376 operum
844 2305 1013 2360 oonneetat
1034 2297 1093 2361 deo
1113 2301 1290 2380 perenniter
1309 2321 1367 2365 so-

219 2379 351 2446 oiandos
363 2425 373 2462 ,
402 2388 439 2443 ut
463 2381 611 2444 bonorum
638 2390 813 2444 vestrorum
840 2383 964 2446 aotibns
987 2383 1197 2448 laetabundus
1221 2394 1257 2448 et
1275 2407 1368 2468 proe-

218 2466 322 2532 sentis
347 2466 435 2528 vitae
465 2467 587 2548 capiam
614 2467 734 2532 luorum
761 2476 796 2531 et
820 2475 1015 2533 aeternarum
1040 2469 1179 2554 perfruar
1203 2472 1367 2540 vobiscum

217 2551 344 2638 gaudiis
362 2552 564 2616 mansionum.

303 2637 419 2700 Datum
445 2638 506 2700 sub
532 2637 583 2700 die
610 2636 717 2718 quinto
742 2634 852 2700 Iduum
872 2636 1106 2720 Januariarum,
1130 2657 1211 2702 anno
1236 2640 1369 2706 feliciter

217 2723 317 2806 primo
337 2723 425 2804 regni
444 2721 623 2787 serenitatis
644 2729 679 2785 et
696 2723 928 2805 tranquillitatis
947 2731 1074 2787 nostrae
1095 2723 1184 2788 sedis
1199 2727 1312 2792 'l'oleto
1324 2729 1366 2809 ⁸).

218 2879 261 2944 ln
280 2877 436 2943 nomine
457 2875 602 2940 domini
620 2873 786 2940 lllovius
805 2875 1012 2960 gloriosus
1031 2877 1224 2963 llrvigius
1243 2879 1364 2962 rev).

303 2995 425 3080 Magna
445 2993 532 3058 salus
551 2993 675 3076 populis
687 2992 742 3073 ¹⁰)
763 2994 933 3077 gentisque
953 3003 1079 3060 nostrae
1098 3015 1197 3080 regno
1210 2995 1266 3079 ¹¹)
1288 3017 1366 3064 oon-

218 3079 364 3166 quiritur,
383 3081 412 3144 si
432 3080 514 3144 haee
534 3079 728 3161 synodalium
748 3079 878 3142 deoreta
898 3090 1068 3165 gestorum,
1089 3084 1172 3146 siout
1191 3083 1244 3164 pio
1265 3085 1366 3148 devo-

218 3168 313 3232 tionis
333 3173 460 3230 nostrae
477 3163 582 3228 studio
605 3173 677 3228 aeta
697 3171 787 3245 sunt,
808 3164 853 3225 ita
872 3165 1116 3231 inconvulsibilis
1136 3177 1265 3232 nostrae
1284 3172 1365 3254 legis

217 3252 323 3316 valido
353 3252 479 3316 oraoulo
505 3250 736 3334 confirmentur,
763 3257 800 3311 ut
826 3250 909 3331 quod
929 3253 1128 3316 serenissimo
1148 3262 1277 3317 nostrae
1299 3258 1364 3318 oel-

217 3338 363 3403 situdinis
379 3337 473 3418 jussu
488 3355 507 3398 a
521 3336 708 3399 venerandis
728 3335 866 3418 patribus
889 3343 922 3396 et
943 3337 1122 3401 clarissimis
1142 3340 1249 3420 palatii
1269 3341 1364 3404 nostri

218 3423 393 3488 senioribus
415 3424 550 3486 discreta
568 3423 725 3484 titulorum
748 3421 927 3483 exaratione
949 3430 1001 3484 est
1022 3424 1163 3504 editum,
1188 3427 1361 3505 praesentis

217 3506 312 3589 hujus
331 3508 414 3590 legis
434 3515 561 3569 nostrae
583 3505 686 3570 edicto
708 3507 747 3568 ab
769 3507 899 3568 aemulis
921 3506 1111 3571 defendatur.
1142 3510 1203 3571 Est
1218 3507 1361 3589 enimn)

217 3593 300 3658 baeo
320 3593 391 3675 ipsa
408 3592 545 3656 definitio
560 3609 713 3655 sanonum
733 3592 793 3656 sub
813 3591 875 3654 isto
887 3594 1057 3674 notata¹³)
1072 3594 1178 3658 ordine
1191 3597 1360 3660 titudorum:

219 3701 419 3736 ...n-

242 3777 284 3846 ,1)
299 3777 382 3832 Forte
394 3777 474 3847 jope,
491 3777 520 3830 in
537 3793 571 3830 m.
587 3776 626 3830 M.
660 3803 696 3818 -
730 3773 760 3844 ²)
777 3775 897 3829 ecclesiae
912 3777 950 3830 M.
984 3804 1021 3818 -
1055 3777 1266 3847 ⁸)tumaattarb
1279 3779 1352 3832 Hand

252 3849 285 3916 ὁ)
300 3851 412 3916 fornmrt
428 3849 484 3902 BR.
502 3847 573 3901 nr.
589 3849 636 3912 U„
662 3851 689 3899 et
705 3845 743 3898 M.
791 3874 828 3886 -
880 3845 1225 3913 ῦ)εωειτιιπάιιίιιω.Μ.
1259 3877 1289 3892 -

253 3917 284 3982 θ)
302 3920 435 4002 enarratum
453 3951 479 3973 ..
498 3919 633 4002 latitudine
647 3915 713 4000 ibid:
738 3941 775 3955 -
798 3913 840 3998 ᾖ)
858 3925 1023 4001 eoooeperant
1034 3919 1085 4001 M,
1102 3915 1353 4006 pereepernotllard.

252 3985 713 4128 ''ri⁹ii'lii‘}²⁸t3352}{tb;tb?53
730 3989 1358 4122 tttttttttt'tttttt't‘ttttttt

289 4127 379 4180 Toleto
395 4127 423 4183 in
441 4141 476 4180 m.
493 4129 530 4180 M.
572 4156 609 4166 -
660 4125 690 4192 ⁹)
710 4125 785 4178 Haeo
802 4123 906 4176 concilii
924 4127 1087 4180 confirmatio
1104 4145 1156 4181 non
1175 4129 1225 4182 boo
1242 4131 1298 4190 loeo
1315 4129 1359 4182 sed

222 4211 226 4220 '
288 4197 323 4249 ad
347 4199 446 4250 oaleem
469 4197 574 4250 eoncilii
595 4196 726 4266 reperitur
746 4195 775 4246 in
795 4193 852 4246 BR.
869 4194 939 4248 ut.
957 4197 993 4250 Τ.
1008 4199 1071 4250 Lt.
1089 4199 1122 4250 tt
1144 4199 1177 4252 G.
1196 4225 1233 4238 ·-
1258 4199 1287 4250 ln
1304 4201 1359 4250 ooli.

285 4267 374 4321 Mansi
389 4267 456 4321 haee
473 4267 634 4321 confirmatio
652 4271 712 4336 port
728 4263 841 4332 oepitola
857 4269 884 4318 et
899 4267 1104 4336 subscriptiones
1121 4267 1258 4333 adjicitur:
1284 4270 1361 4320 lldtto

287 4339 333 4390 lea
342 4339 370 4390 br
380 4337 568 4402 coadunatione
580 4338 681 4390 consilii
689 4335 806 4386 Toletani
817 4333 862 4386 rab
875 4335 916 4387 dte
928 4337 1002 4391 ΠΗ.
1012 4337 1143 4390 Kalendas
1150 4337 1290 4391 Febradr'ir'
1296 4354 1361 4393 oooo

224 4447 228 4456 .
287 4409 399 4478 feliciter
420 4409 505 4476 priora
526 4409 626 4474 ylortoe
648 4413 767 4470 nostroe,
791 4407 818 4456 et
835 4403 869 4456 ad
886 4406 1053 4473 verbalipfre
1067 4409 1222 4476 sequentis:
1249 4405 1295 4460 rab
1311 4409 1361 4464 t'eto

286 4485 378 4531 notato
401 4477 491 4530 ardiae
511 4473 768 4557 titolorroa‚„titul‘p
782 4478 884 4528 tantam
904 4475 1079 4546 papitulorum
1099 4481 1280 4545 recensentur„
1309 4506 1345 4518 -

233 4547 514 4616 ”tumultum
554 4543 963 4618 1¹).·e.oeotrn=.o.u..2-
1006 4537 1323 4616 williramo1tt.‚..·--,⁴

233 4616 543 4688 ”JWWMW
599 4617 798 4685 ‘turma-
850 4665 868 4678 ι.
925 4678 929 4696 ,
970 4639 982 4672 8
1106 4673 1111 4683 ,
1186 4655 1191 4665 v
1232 4637 1235 4676 2
