2880 5050
331 265 574 334 aesculum
593 266 863 334 reparamur
883 267 989 334 xvir.
1169 263 1234 332 aar
1311 225 1314 231 ’

60 443 238 508 habentes
258 441 320 522 ips-i
335 443 446 502 'eorum
468 437 598 519 domini,
626 439 678 520 qui
700 445 758 502 eos
779 441 974 520 aeoeper‘iut,
1002 458 1058 520 per
1082 435 1234 500 fidelissi-

64 549 152 593 mos
174 528 371 592 Christianos
392 543 449 586 eos
471 523 653 586 nutriendos
676 525 873 607 contradant,
897 545 937 588 ea
956 525 1080 587 scilicet
1101 524 1232 604 ratione,

66 625 114 679 ut
136 623 173 676 et
200 613 360 680 masculos
382 609 569 672 Christianis
599 610 743 673 foeminis
768 613 799 672 in
828 609 1167 692 conjugiocopulent,
1197 617 1232 670 et

68 700 236 764 foeminas
257 695 445 762 Christianis
466 696 608 758 similiter
627 697 703 758 viris
723 697 853 759 maritali
874 698 1029 759 societate
1050 693 1231 776 adjungant,

73 795 112 849 et
139 803 247 866 neque
273 782 472 864 parentibus,
507 781 592 844 sicut
618 781 774 863 diximus,
807 801 910 862 neque
936 780 1008 844 filiis
1039 781 1082 842 sit
1105 780 1233 860 penitus

68 873 211 933 licentia
224 887 348 952 quoquo
364 874 458 947 pacto
472 867 627 929 Judaicae
641 869 874 947 superstitionis
896 867 1100 928 caerimonias
1119 873 1233 928 eumo-

68 951 172 1036 dire,
200 974 303 1038 neque
330 953 522 1016 infidelitatis
548 971 626 1014 suae
653 954 785 1016 semitas
804 953 992 1036 quibuslibet
1013 949 1234 1030 occasionibus,

71 1043 206 1104 iterare.

345 1155 410 1216 De
445 1141 968 1238 gratiarum'aotione.

169 1282 302 1348 Cunctis
328 1279 462 1362 denique
489 1279 529 1344 ad
550 1299 661 1346 sacrae
681 1284 884 1346 institutionis
905 1283 957 1344 vel
978 1283 1105 1346 aliorum
1127 1300 1230 1366 uego-

77 1375 196 1434 tiorum
227 1368 362 1430 ordinem
390 1368 616 1446 pertinentibus
642 1367 702 1430 deo
727 1369 855 1434 favente
885 1371 1109 1432 consummatis
1134 1377 1229 1447 atque

76 1457 197 1534 finitis,
224 1453 327 1514 eidem
353 1453 421 1533 regi
448 1454 582 1514 omnium
608 1453 731 1516 domino
753 1463 786 1514 et
806 1456 1072 1518 inaestimabiliter
1093 1453 1229 1536 glorioso

78 1549 194 1626 grates
221 1538 395 1600 ineffabiles
420 1538 603 1618 pandimus,
640 1544 816 1602 concentus
846 1541 1018 1602 melodicos
1049 1539 1229 1600 insonamus

80 1636 117 1688 et
146 1627 330 1708 hymnorum
355 1629 434 1683 vota
468 1625 617 1688 continua
646 1624 831 1706 jubilatione
864 1625 1070 1705 praecinimus
1101 1643 1156 1710 pro
1190 1641 1229 1684 eo

80 1711 169 1794 quod
193 1709 429 1770 universitatem
458 1717 596 1772 nostram
624 1713 683 1772 sub
710 1711 759 1771 sui
785 1711 917 1772 nominis
942 1713 1051 1774 timore
1079 1712 1110 1771 in
1135 1727 1229 1769 unum

80 1796 213 1878 collegit
240 1803 272 1855 et
292 1795 433 1856 vicissim
461 1813 519 1855 nos
545 1796 636 1858 uobis
661 1797 784 1858 visione
810 1797 956 1858 alterutra
983 1803 1231 1875 praesentaneos

79 1881 242 1961 reddidit3
282 1877 353 1958 ejus
390 1878 598 1959 obnoxius1)
635 1881 887 1960 omnipotentiam
913 1883 1057 1962 precibus
1088 1879 1229 1941 indefes-

81 1969 130 2031 sis
163 1973 290 2050 orantes
303 2009 313 2044 ,
342 1972 377 2024 ut
415 1965 586 2026 orthodoxo
626 1985 665 2030 ac
696 1967 929 2049 religiosissimo
963 1967 1093 2047 principi
1123 1974 1230 2026 nostro

80 2053 227 2134 Egicano
248 2049 494 2130 longaevitatem
520 2051 654 2113 felicium
682 2061 855 2130 temporum
882 2053 1047 2134 largiatur,
1075 2071 1130 2130 per
1151 2069 1229 2112 suae

81 2137 256 2200 voluntatis
280 2136 390 2194 itinera
417 2133 487 2214 ejus
514 2135 628 2219 dirigat
655 2156 803 2220 pressea,
832 2139 971 2198 tribuens
992 2139 1022 2198 ei
1043 2139 1102 2199 sibi
1125 2134 1229 2198 eredi-

84 2233 187 2286 tarum
217 2219 352 2300 plebium
386 2220 561 2302 phalangas
596 2223 791 2303 pie=regere
804 2269 814 2303 ,
851 2223 1059 2284 moderamine
1091 2223 1229 2284 discreto

85 2309 251 2388 disponere
258 2320 276 2384 ,·
294 2324 333 2372 aa
352 2306 560 2366 miserationis
582 2325 635 2368 ore
656 2308 780 2386 fulcire,
807 2325 868 2386 quo
889 2317 962 2388 post
983 2327 1126 2369 enormes
1146 2315 1230 2366 tem-

87 2411 196 2474 porum
224 2408 335 2451 cursus
362 2389 402 2450 de
435 2392 597 2470 temporali
630 2411 727 2474 regno
763 2391 803 2452 ad
835 2411 965 2474 regnum
998 2401 1181 2472 perpetuum
1195 2389 1230 2467 ²)
1264 2439 1266 2450 .

88 2479 190 2561 gestis
206 2473 354 2555 piissimis
371 2475 550 2554 opulentum
567 2495 638 2537 eum
658 2477 824 2538 transferre
842 2477 985 2560 dignetur
1005 2495 1230 2558 usquequaque

89 2562 247 2626 coelicolis
266 2559 465 2642 sociandum,
491 2559 583 2640 cujus
600 2561 692 2642 jussu
713 2571 808 2642 atque
828 2563 955 2644 imperio
978 2562 1017 2624 ad
1038 2563 1121 2626 buno
1141 2561 1231 2642 pacis

87 2655 276 2713 conventum
296 2646 484 2728 congregati
502 2646 602 2708 fuisse
622 2647 840 2730 dignoscimur.

198 2818 290 2880 Lex
317 2815 358 2875 in
389 2815 737 2895 confirmatione
768 2818 956 2883 concilii
986 2815 1118 2880 edita.

152 2945 332 3026 Congruum
357 2942 437 3003 satis
465 2946 553 3026 genti
581 2965 620 3009 ac
647 2949 766 3028 patriae
793 2955 920 3009 nostrae
941 2953 1036 3025 atque
1057 2941 1232 3022 expedibile

93 3027 289 3115 perpenditur
318 3028 400 3088 omni
428 3031 608 3113 ecelesiae,
642 3035 670 3094 si
699 3053 737 3094 ea
768 3051 848 3114 quae
877 3031 1020 3113 synodali
1048 3029 1233 3089 deliniuntur

95 3122 248 3179 conventu
268 3113 428 3193 principali
450 3115 667 3179 confirmentur
688 3121 781 3202 stylo.
821 3117 939 3179 ldoiroo
960 3136 1016 3196 per
1035 3115 1129 3195 hujus
1150 3113 1233 3196 legis

94 3202 248 3265 decretum
270 3199 450 3260 serenitatis
477 3211 602 3263 nostrae
629 3203 834 3266 mansuetudo
857 3202 1016 3280 decernit,
1043 3210 1078 3261 ut
1099 3201 1234 3259 omnium

96 3286 293 3368 capitulorum
314 3285 513 3367 sententiae,
543 3291 676 3368 quaein
697 3291 758 3352 hac
780 3297 892 3350 saneta
912 3287 1032 3368 synodo
1054 3285 1235 3366 promulga-

97 3383 147 3436 tae
157 3371 190 3449 ³)
211 3376 390 3450 noscuntur,
405 3367 600 3434 firmissimae
621 3373 802 3436 stabilitatis
824 3375 983 3434 obtineant
1005 3373 1104 3450 robur,
1121 3369 1235 3432 idest:

136 3459 159 3519 l.
199 3457 249 3516 De
278 3455 376 3515 tribus
405 3454 515 3520 diebus
529 3503 539 3540 ,
576 3461 687 3538 quibus
721 3461 752 3520 in
785 3459 870 3536 initio
905 3459 1025 3518 concilii
1051 3455 1125 3516 nibil
1152 3455 1235 3517 aliud

198 3539 354 3622 agendum
376 3537 525 3622 jubetur,
558 3543 618 3605 nisi
645 3555 765 3607 tantum
786 3543 825 3604 de
846 3543 908 3604 fide
931 3561 970 3604 ac
992 3543 1031 3606 de
1054 3542 1123 3603 aliis
1142 3543 1235 3604 rebus
1303 3577 1307 3584 ·

196 3624 406 3703 spiritualibus
413 3671 422 3704 ,
442 3628 525 3688 nullo
546 3631 751 3692 saecularium
770 3626 962 3710 interposito.

137 3711 172 3772 ll.
212 3711 261 3770 Ile
281 3710 501 3790 obserandis⁴)
522 3716 612 3776 ostiis
633 3715 807 3796 baptisterii
824 3717 855 3775 in
869 3715 955 3774 initio
971 3707 1238 3792 quadragesimae.

136 3797 186 3857 lll.
217 3795 266 3855 De
286 3796 443 3856 ablutione
464 3798 577 3876 pedum
597 3801 629 3861 in
650 3820 750 3864 coena
770 3799 884 3860 domini
908 3796 1059 3859 facienda.
1197 3811 1203 3816 ·

138 3881 191 3942 IV.
223 3880 272 3940 De
291 3881 391 3942 sacris
412 3881 589 3945 ministeriis
609 3888 663 3946 vel
683 3885 871 3948 ornamentis
893 3883 1105 3945 ecelesiarum.

139 3966 178 4028 V.
219 3966 268 4025 De
294 3967 345 4028 his
372 3967 426 4046 qui
450 3969 566 4032 missas
586 3967 800 4035 defunctorum
821 3988 876 4052 pro
897 3969 980 4030 viris
1003 3965 1120 4028 audent
1141 3964 1240 4026 male·

197 4051 271 4110 vole
292 4051 460 4113 celebrare.

140 4133 210 4280 Vl.l
224 4137 277 4232 ¹De
299 4136 410 4236 diebus
436 4138 609 4200 litaniarum
637 4159 693 4220 per
720 4147 811 4200 totos
836 4137 1000 4224 duodecim
1028 4153 1156 4200 menses
1183 4151 1242 4194 ce-

141 4221 306 4368 Vlbebiizb1
307 4221 491 4368 drlriirnitione
514 4305 660 4388 conjugis
682 4327 720 4369 ao
742 4307 836 4390 prolis
859 4307 975 4388 regiae.

142 4391 222 4454 Vlll.
248 4393 297 4454 De
317 4391 509 4455 ludaeorum
530 4391 734 4455 damnatione.

105 4514 296 4538 W

140 4574 165 4640 ¹)
181 4575 255 4642 liujus
271 4573 392 4626 otrrtaias
408 4577 446 4628 Μ.
481 4609 516 4619 —
557 4577 587 4644 ²)
606 4584 734 4629 oeternum
751 4576 788 4628 M.
822 4606 858 4615 —
901 4573 1162 4644 ³)promolpotoll1.
1195 4593 1231 4608 -·

139 4643 167 4711 ⁴)
183 4643 346 4698 observandis
362 4645 399 4698 Μ.
435 4675 469 4686 -
1228 4649 1230 4655 ⁴

948 4807 952 4812 ’
1018 4792 1034 4828 t
