2880 5050
1177 261 1252 332 Ul·

109 426 475 510 concursu
500 427 903 612 Ts‘fflfflffl
928 426 1215 554 oncruun
1245 463 1260 490 „

80 665 346 734 suaserunt
372 668 888 750 umusnrrscovoauu1)
920 667 1012 732 aaa
1030 647 1248 734 ncexxxr.'
1363 687 1368 690 ·

81 881 200 1020 Dum¹
211 946 292 992 anno
307 938 402 992 sexto
418 930 529 1015 inclyti
548 939 583 994 et
604 931 769 995 orthodoxi
783 930 898 996 domini
919 939 953 993 et
971 928 1120 1011 principis
1139 930 1238 994 nostri

69 1021 241 1103 ¹Egicanis
269 1024 328 1086 sub
356 1025 408 1087 die
434 1033 527 1088 sexto
556 1027 667 1088 Nonas
692 1023 799 1105 Majas
825 1044 878 1099 era
897 1023 1104 1087 Dccxxxt.
1125 1027 1239 1088 unani-

83 1109 210 1170 mitatis
245 1117 373 1172 nostrae
408 1119 586 1175 conventus
613 1111 645 1172 in
664 1110 875 1192 ¹praetoriensi
902 1109 1034 1172 basilica
1059 1116 1239 1174 sanctorum

82 1193 239 1256 videlicet
258 1195 345 1256 Petri
366 1203 401 1256 et
415 1195 505 1257 Pauli
526 1203 724 1278 aggregatus
744 1196 933 1258 consisteret
952 1203 1048 1275 atque
1066 1197 1244 1276 unusquis*

84 1295 152 1358 que
179 1287 351 1342 nostrorum
379 1299 421 1342 ex
440 1299 527 1342 more
546 1279 719 1342 secundum
741 1279 941 1343 ordinationis
960 1297 1040 1378 suae
1061 1287 1186 1360 tempus
1206 1281 1245 1344 in,

83 1362 169 1425 locis
198 1363 312 1427 debitis
336 1364 509 1447 resideret,
537 1384 639 1428 rerum
667 1366 753 1446 prius
782 1365 916 1426 omnium
943 1363 1066 1426 dommo
1093 1363 1239 1429 devotis-
1320 1365 1327 1374 “

83 1447 170 1510 sime
183 1447 218 1528 ²)
239 1451 408 1532 gratiarum
425 1449 497 1530 jura
516 1451 723 1532 persolvimus
743 1469 799 1530 pro
821 1469 875 1530 eo,
902 1449 986 1530 quod
1007 1467 1071 1510 nos
1087 1458 1121 1512 et
1141 1451 1239 1514 alter»

84 1541 180 1596 utrae
199 1534 331 1598 visionis
351 1537 494 1598 contuitu
521 1536 615 1598 solari
640 1535 782 1616 permisit
802 1543 837 1596 et
857 1535 997 1596 alternae
1017 1535 1108 1614 pacis
1128 1537 1243 1598 osmdo

85 1619 286 1682 confovendo
314 1621 445 1701 statuit,
481 1619 606 1684 diffusis
634 1621 780 1683 cordibus
803 1619 958 1700 simulque
986 1626 1020 1680 et
1047 1619 1180 1682 vocibus
1208 1623 1240 1684 ei

84 1721 218 1784 precum
238 1723 391 1767 murmura
412 1705 632 1785 edirndentes,
659 1714 694 1767 ut
717 1706 803 1768 siout
823 1723 882 1768 nos
903 1705 1088 1768 alternorum
1109 1706 1239 1768 osculo-

86 1807 157 1850 rum
179 1789 372 1868 impensione
392 1790 546 1854 laetificos
568 1789 697 1872 offecit,
724 1791 769 1852 ita
788 1789 1022 1852 serenissimum
1042 1807 1082 1853 ac
1107 1791 1239 1873 religio-

84 1873 247 1935 sissimum
267 1873 459 1954 praedictum
478 1877 653 1958 Egioanem
673 1875 860 1956 principem,
890 1873 983 1954 eujus
1004 1871 1099 1954 jussu
1124 1875 1239 1938 froter-

83 1959 198 2020 nitatis
224 1967 351 2022 nostrae
380 1969 492 2022 coetus
519 1969 570 2023 est
597 1960 772 2041 adunatus,
797 1957 871 2022 fidei
897 1977 976 2022 suae
997 1961 1241 2026 oonvmsadone

85 2044 240 2125 stabiliat,
261 2047 481 2128 prorogatione
497 2043 641 2125 justitiae
662 2045 793 2125 muniat,
820 2061 933 2124 pacem
950 2045 1143 2124 locupletem
1162 2047 1240 2110 red-

86 2127 153 2210 dat,
170 2129 363 2208 impensione
384 2131 616 2194 misericordiae
636 2131 755 2211 fulciat,
772 2129 883 2191 virium
903 2129 1083 2194 fortitudine
1103 2131 1239 2216 roboret,

87 2231 150 2293 quo
171 2214 396 2296 longaevitatis
414 2217 528 2278 muniis
549 2214 705 2292 cluens³J
733 2215 904 2278 commissa
929 2216 989 2277 sibi
1008 2215 1098 2297 regni
1118 2217 1240 2298 guber·-⁴

85 2299 202 2360 nacula
222 2297 358 2361 discreto
379 2300 588 2362 moderamine
609 2309 733 2380 teneat,
763 2307 798 2362 ct
819 2301 1006 2363 commissos
1024 2301 1085 2362 sibi
1104 2303 1237 2382 populos

86 2383 225 2466 benigne
244 2393 352 2466 regat,
378 2403 479 2468 aeque
501 2386 648 2467 disponat
668 2393 702 2448 et
718 2383 814 2466 jussu
833 2385 964 2466 pietatis
983 2383 1166 2448 modificet«

173 2485 234 2547 His
264 2484 432 2549 devotione
462 2489 695 2568 promptissima
720 2489 801 2552 actis
829 2486 934 2566 coepit
958 2485 1081 2547 unionis
1109 2493 1237 2552 nostras

88 2569 296 2632 numerositas
330 2569 371 2634 de
400 2573 494 2634 rebus
520 2574 732 2654 spiritualibus
761 2579 869 2634 mutua
897 2571 1063 2636 collatione
1089 2571 1169 2633 inter
1197 2591 1236 2636 se

87 2673 160 2718 orsa
186 2653 359 2719 diffundere
365 2701 376 2738 ,
403 2665 499 2740 atquc
529 2667 678 2720 eventum
698 2658 744 2719 rei
764 2657 961 2738 spectatione
982 2657 1236 2722 mansuetissima

86 2741 270 2824 praestolari
284 2740 329 2820 ⁴).
374 2743 473 2825 Igitur
501 2761 572 2806 curn
602 2761 643 2806 ea
670 2743 821 2805 attentius
846 2749 1032 2825 agerentur,
1068 2743 1124 2804 sic.
1151 2741 1236 2807 idem

87 2827 373 2890 excellentissimus
398 2829 545 2908 princeps
571 2835 703 2890 sanctae
730 2828 911 2890 intentionis
935 2825 1103 2910 munimine
1123 2825 1234 2912 fretus,

86 2913 237 2992 religione
265 2912 468 2992 plenissimus
495 2921 528 2974 et
554 2913 795 2976 elucubrationis
823 2929 965 2974 summae
985 2911 1076 2972 titulo
1096 2913 1235 2995 inclytus

88 3005 195 3059 nostro
216 3013 292 3058 sese
319 2997 426 3058 coetui
451 2997 573 3080 intulit,
601 3017 641 3062 ac
661 2998 790 3081 gloriosi
810 2999 924 3078 capitis
942 2997 1095 3058 verticem
1118 3015 1234 3061 cernuo

88 3089 164 3144 voto
194 3079 370 3162 reclinans,
403 3083 519 3144 nostris
552 3101 628 3146 sese
664 3083 787 3145 domino
818 3083 997 3164 precatibus
1028 3083 1236 3148 commendari

88 3166 277 3248 percensuit,
298 3167 429 3248 propriis
449 3168 591 3230 manibus
610 3177 728 3230 tornum
749 3169 839 3230 nobis
860 3168 1005 3229 deferens
1024 3167 1235 3251 reserandum,

88 3251 120 3314 in
148 3269 209 3334 quo
236 3269 315 3312 suae
343 3251 520 3315 devotionis
547 3261 625 3316 vota
653 3261 686 3315 et
713 3253 944 3315 deliberationis
976 3254 1049 3330 piae
1081 3252 1236 3318 desideria

88 3337 243 3400 sistebant
268 3335 353 3420 stylo
379 3338 559 3420 gratissime
572 3337 606 3416 ³)
635 3347 773 3400 exarata.
822 3335 942 3400 Omnes
969 3337 1001 3397 in
1023 3354 1185 3401 commune
1199 3339 1235 3420 ⁸)
1310 3355 1321 3370 ·

86 3418 136 3486 sui
156 3423 218 3484 oris
239 3421 393 3484 dulcifluis
414 3423 585 3485 exhortans
605 3423 739 3485 oraculis
760 3423 823 3485 ait:
1227 3461 1231 3470 ·

169 3525 237 3605 En,
266 3521 363 3585 divini
391 3523 495 3586 cultus
522 3525 767 3586 reverentissimi
781 3522 814 3602 a)
848 3521 1053 3606 sacerdotes,
1086 3523 1235 3610 quidquid

88 3609 199 3689 proprii
233 3608 295 3669 oris
330 3606 475 3670 effamine
504 3610 621 3670 vestris
658 3611 759 3672 saeris
789 3609 935 3671 sensibus
963 3607 1055 3671 debui
1076 3610 1233 3696 intimare,
1330 3611 1331 3618 ’

88 3691 232 3774 quidquid
253 3693 386 3754 enormis
406 3701 529 3774 peterat
550 3693 684 3756 diffusae
705 3695 890 3756 elocutionis
911 3693 1026 3756 affatus
1051 3696 1233 3778 exprimere,

87 3778 168 3840 siout
199 3777 251 3840 hic
282 3777 419 3839 breviter
451 3779 693 3859 summatimque
725 3781 844 3840 calamo
877 3786 1019 3840 currente
1035 3775 1078 3854 ⁸}
1101 3779 1233 3864 digessi,

86 3862 167 3924 unde
194 3881 254 3924 vos
281 3881 321 3924 ea
348 3862 513 3924 sollicitius
539 3863 750 3943 praelibantes
777 3863 984 3945 gliscentibus
1015 3861 1126 3924 animis
1157 3883 1233 3946 per-

85 3953 235 4028 tractate,
269 3955 305 4010 et
330 3955 394 4009 tarn
423 3966 493 4028 ea„
511 3966 600 4028 qaae·
620 3947 672 4011 hic
700 3955 774 4010 sunt
799 3949 914 4030 insita,
943 3963 1035 4028 quam
1057 3949 1233 4014 etiamalio
1281 3975 1292 3986 ’

87 4049 226 4114 quaeque
254 4051 291 4096 sc
319 4033 576 4096 reverentissimo
596 4041 705 4097 vestro
733 4034 849 4120 coetui
866 4031 1058 4124 ingesserint
1077 4034 1232 4100 audienda

85 4184 270 4204 m

13 4349 15 4358 ,
119 4281 330 4406 qdmtwi
355 4285 459 4407 bgffi-
486 4281 1230 4409 {muiumii⁴¹¹⁰⁰3⁰12¹¹⁰fflpm⁰⁶d⁰¹¹t9⁸⁰3?-

150 4369 296 4476 0iii¹1lfil
313 4370 479 4478 iciant.
505 4370 635 4478 tiss
650 4369 818 4477 liliata„
834 4369 967 4492 {tadi
984 4369 1230 4492 libidini?
1255 4481 1257 4485 ,

118 4489 147 4627 ι
160 4493 448 4630 „z
496 4495 527 4634 ι
542 4493 736 4620 ιιι
751 4493 805 4605 t
824 4521 888 4628 η)
902 4493 1108 4616 ιιι
1124 4491 1161 4618 tt
1195 4519 1231 4607 :

119 4630 146 4698 ⁸)
163 4633 274 4686 maeoti
291 4631 329 4684 Μ.
496 4625 513 4637 ”
