2916 5050
439 211 942 323 mmmffimm.
1222 257 1266 330 m

106 421 169 487 erit
188 417 222 486 in
238 421 458 504 sno-artorio.
506 422 543 488 Si
563 397 641 510 cero
664 423 837 494 cedmon
863 425 1036 510 mbmpoe
1047 424 1082 506 ¹)
1106 425 1264 514 sufficere,

105 516 145 570 ut
165 508 294 590 negotio
314 511 477 572 terruinum
502 513 675 594 imponant,
705 512 801 578 faciet
820 513 904 598 quod
931 513 1164 598 sapientoetno
1184 535 1265 582 cou-

106 594 180 656 silio
199 611 257 657 suo
274 590 465 674 judicaverit
477 595 520 675 ²).
890 595 892 600 ’

196 846 295 914 0sius
316 849 488 928 episeopus
509 845 602 912 dixit:
634 759 887 928 fflitunitates
914 855 951 910 et
975 849 1071 914 munia
1089 849 1279 932 frequentia·
1334 895 1343 916 .

14 1007 15 1012 ἵ
108 942 144 997 et
170 931 309 1014 injustae
336 933 507 1013 petitiones
522 931 556 1009 ³)
577 931 737 1014 fecerunt,
764 952 824 1000 nos
851 952 915 996 non
935 942 1055 1016 tantam
1073 935 1189 1000 babere
1209 940 1262 1004 vel
1328 1003 1330 1010 ,

108 1022 243 1102 gratiam
264 1018 317 1080 vel
336 1017 499 1096 fiduciam,
527 1013 600 1080 dum
629 1018 754 1098 quidam
779 1037 842 1090 nou
862 1025 992 1082 cessam
1018 1017 1059 1082 ad
1081 1023 1263 1106 comitatum

14 1149 15 1164 2
108 1107 153 1166 ire
174 1104 328 1184 episcopi,
348 1111 383 1164 et
399 1103 535 1175 maxiem
554 1101 633 1182 Afri,
656 1104 709 1182 qui
730 1103 849 1181 (sicuti
870 1102 1100 1184 cognovimus)
1121 1109 1262 1185 sannun-
1310 1135 1316 1142 ·

14 1205 15 1216 ¹
107 1189 180 1251 simi
204 1189 308 1250 fratris
335 1195 370 1250 et
396 1186 579 1266 coepiscopi
605 1187 704 1250 nostri
728 1185 820 1252 Grati
848 1187 996 1250 salutaria
1017 1191 1149 1254 consilia
1168 1209 1265 1274 sperq-

107 1281 187 1335 nunt
208 1280 304 1353 atque
325 1275 542 1352 contemnunt,
570 1277 606 1332 ut
618 1289 689 1334 mou
709 1273 811 1336 solum
831 1271 872 1336 ad
892 1273 1072 1340 comitatum
1093 1275 1207 1338 mrdms
1228 1283 1263 1340 et

108 1359 254 1420 diversas
276 1357 434 1420 ecciesiae
454 1375 516 1418 non
535 1356 710 1436 profuturas
731 1357 888 1436 perferant
908 1375 1033 1440 causas,
1054 1378 1157 1440 neque
1170 1360 1205 1439 ⁴)
1226 1369 1263 1436 ut

108 1443 176 1505 iieri
196 1443 280 1508 solet
299 1449 355 1506 aut
374 1449 507 1522 oportet,
528 1449 564 1505 ut
584 1443 772 1522 pauperibus
791 1449 847 1504 aut
857 1440 963 1504 viduis
979 1451 1035 1506 aut
1047 1445 1173 1524 papillis
1183 1447 1263 1508 sub-

108 1530 268 1608 veniatur,
296 1527 357 1592 sed
382 1536 416 1590 et
436 1526 608 1608 dignitates
631 1527 794 1590 seculares
820 1533 854 1588 et
878 1525 1162 1592 administrationes
1189 1530 1262 1608 qui-

109 1613 241 1676 busdam
254 1611 289 1691 ⁵)
317 1611 485 1692 postulent.
540 1610 632 1672 Haeo
661 1607 767 1692 itaque
796 1610 936 1690 pravitas
963 1611 1035 1694 olim
1063 1631 1130 1685 nou
1159 1614 1261 1682 solum
1291 1617 1293 1622 ’

112 1699 382 1778 murmurationes,
404 1695 463 1761 sed
484 1702 519 1760 et
537 1693 688 1762 scaudala
704 1693 828 1758 ‚excitat
840 1693 883 1772 i).
929 1696 1107 1766 Honestum
1128 1707 1180 1762 est
1200 1717 1262 1769 au-
1309 1755 1312 1758 .

110 1792 192 1864 tem,
218 1791 254 1844 ut
281 1783 423 1863 episcopi
448 1781 706 1844 intercessionem
732 1781 782 1847 uis
805 1786 986 1862 praestant,
1015 1781 1069 1862 qui
1095 1783 1202 1865 iniqua
1225 1785 1261 1846 vi

108 1869 319 1949 opprimuntur
341 1877 399 1930 aut
424 1867 453 1930 si
472 1865 569 1928 viduo
588 1865 746 1947 affligatur
771 1873 826 1928 aut
844 1865 980 1946 pupillus
1008 1867 1200 1950 expolietur,
1230 1871 1260 1933 si
1328 1933 1332 1938 ,

109 1963 215 2016 tamen
240 1952 363 2017 isthaec
389 1952 514 2016 nomina
528 1949 561 2030 ⁷)
584 1948 704 2029 justam
731 1950 868 2018 habeant
894 1968 1024 2015 causam
1051 1961 1107 2014 aut
1131 1955 1261 2035 petitio·-

106 2059 191 2102 nem.
234 2038 272 2100 Si
287 2055 363 2120 ergo
377 2038 479 2118 vobis,
501 2036 613 2099 fratres
623 2036 786 2118 carissimi,
807 2037 922 2117 placet,
943 2035 1111 2119 decernite,
1132 2059 1173 2100 ne
1189 2040 1261 2122 epi-

106 2126 199 2206 scopi
219 2123 260 2185 ad
281 2123 462 2189 conionum
481 2120 652 2202 accedant,
672 2123 734 2184 nisi
755 2122 834 2184 forte
855 2121 904 2202 hi,
925 2123 979 2202 qui
999 2123 1261 2206 religiosiimpe-

108 2210 219 2276 ratoris
247 2209 345 2272 literis
373 2207 427 2270 vel
456 2207 583 2274 mutat.
604 2205 666 2270 ‘vel
692 2207 819 2273 evocati
832 2249 834 2256 κ
848 2205 971 2271 fuerint
1007 2209 1089 2272 sed
1115 2211 1260 2291 quopiam

107 2313 207 2374 saepe
228 2294 458 2375 contingit„ut
476 2293 520 2356 ad
539 2292 780 2357 misericordiam
800 2292 959 2356 ecciesiae
980 2295 1179 2378 confugient,
1207 2295 1261 2378 qui

108 2379 248 2459 injmiam
276 2380 451 2458 patiuntur,
480 2385 538 2440 aut
564 2377 624 2471 qui
642 2387 815 2458 peccantes
841 2379 873 2442 in
900 2379 1004 2456 exilio,
1025 2381 1078 2442 vel
1098 2381 1208 2445 insulis
1224 2379 1260 2462 ⁸)

108 2465 301 2544 damnantur,
321 2471 377 2524 aut
397 2471 484 2526 certe
504 2481 722 2544 quamcunque
743 2464 932 2526 sententiam
949 2466 1117 2546 excipiunt,
1138 2468 1260 2530 subve-

106 2549 253 2612 niendum
275 2557 326 2610 est
346 2548 396 2610 his
412 2556 445 2610 et
459 2549 527 2610 sine
545 2548 737 2610 dubitatione
748 2547 887 2628 petenda
900 2547 935 2625 ⁰)
957 2548 1157 2630 indulgentia.
1188 2552 1260 2612 Hoc

14 2645 15 2706 ξ
107 2654 185 2718 ergo
206 2634 381 2713 decernite,
407 2635 436 2696 si
457 2633 550 2696 vobis
573 2633 688 2715 placet.
735 2632 882 2696 Universi
901 2631 1063 2696 dixerunt:
1094 2635 1207 2697 Placet
1225 2643 1260 2702 et

14 2721 15 2802 p
106 2721 315 2784 componatur
331 2717 394 2800 ¹⁰).
1131 2744 1135 2750 ·

191 3465 289 3530 Osius
322 3468 491 3550 episcopus
525 3465 622 3532 dixit:
664 3471 737 3532 Hoc
769 3484 893 3552 quoque
918 3463 1116 3548 providentia
1149 3479 1259 3537 vestra
1378 3514 1380 3517 ψ

104 3559 242 3616 tractare
264 3552 372 3636 debet,
395 3555 468 3634 quia
483 3551 539 3632 ¹¹)
560 3553 757 3638 decrevistis,
778 3575 820 3616 ne
841 3553 1058 3636 episcoporum
1077 3555 1259 3636 improbitas

104 3637 237 3719 nitatur,
265 3647 300 3700 ut
320 3638 360 3700 ad
381 3639 561 3702 comitatum
581 3638 793 3724 pergantffl).
835 3635 1030 3720 Quicumque
1051 3657 1127 3721 ergo
1148 3643 1259 3721 quales
1341 3635 1346 3645 ’

14 3721 15 3726 ’
105 3724 250 3804 superius
278 3726 532 3802 memoravimus¹
550 3744 663 3806 preces
696 3723 859 3787 habuerint
887 3723 940 3784 vei
970 3721 1167 3808 acceperint,
1202 3745 1259 3806 per

105 3807 269 3872 diaconum
289 3829 382 3872 suum
402 3811 540 3894 mittent3
562 3813 635 3894 quia
652 3809 787 3896 persona
799 3807 934 3888 ,ministri
948 3807 1102 3872 invidiosa
1121 3817 1256 3894 nonest,

105 3935 305 3952 *un—-
356 3928 360 3938 ⁸

142 3993 169 4062 ¹)
187 3995 357 4060 prenirminies
373 4009 395 4045 s.
409 3993 633 4060 comprovinciales
643 3993 704 4046 add.
716 3991 809 4044 isidor.
835 4020 872 4034 -·
906 3990 938 4062 ²)
953 3991 1079 4046 Neander
1094 3993 1110 4046 Ι.
1121 4009 1144 4046 c.
1161 3985 1212 4048 vol.
1222 3995 1257 4060 Ii,

143 4065 147 4078 '
173 4080 199 4131 p.
209 4064 270 4114 243.
287 4064 349 4116 ato.
392 4062 512 4118 Gieseler
529 4065 546 4115 i.
564 4079 587 4115 e.
603 4065 654 4116 voi.
669 4065 690 4128 I,
707 4079 734 4131 p.
746 4061 799 4114 499
808 4075 833 4126 9·
868 4085 905 4099 --
943 4061 972 4130 ³)
990 4063 1138 4116 Aniciensio
1156 4066 1256 4118 codex:

172 4135 360 4198 Impootrmitca
375 4134 456 4182 nimia
474 4140 499 4183 et
515 4133 625 4200 injoaine
641 4136 786 4200 frequenter
801 4131 946 4196 petitiones.
969 4133 1064 4184 Menai.
1099 4136 1257 4200 importuni.

174 4204 239 4252 tntis
254 4210 359 4254 aesone
375 4203 457 4252 nimio
473 4203 616 4268 proponentia
639 4210 664 4254 et
682 4204 793 4271 injustae
810 4197 861 4267 [ai.
879 4200 973 4266 injusto
985 4200 1102 4270 jndicio]
1119 4206 1257 4269 petitiones
1276 4199 1278 4211 '

171 4269 234 4323 inid.
261 4301 297 4311 -
331 4271 362 4338 ⁴)
379 4286 458 4338 neque
475 4272 556 4323 omitt.
575 4274 607 4324 ab
625 4272 688 4327 laid.
715 4303 751 4314 —
786 4268 815 4335 ⁵)
833 4271 955 4336 quinariam
972 4269 1000 4322 in
1014 4285 1097 4336 marg.
1108 4273 1203 4325 Manui.
1219 4298 1256 4314 -—

52 4370 57 4378 ·
138 4337 169 4472 :3
187 4342 311 4462 emitntlrit
328 4339 395 4462 Codi
413 4341 524 4460 {napy-'sep
538 4341 669 4471 [siitff-
706 4343 733 4410 o)
746 4333 993 4479 ijmpssni'ii‘ieffl'
1008 4342 1199 4466 lazoletdlaid.
1219 4369 1255 4382 —-

135 4425 1338 4548 ffifflffissffifflmssmfflffiwm·

171 4546 325 4603 Rheinwaid
344 4552 361 4602 1.
372 4565 395 4602 o.
413 4565 439 4616 p.
450 4548 486 4602 40
503 4555 555 4602 not.
566 4549 592 4604 9.
627 4577 663 4590 -
696 4546 745 4614 11)
763 4549 806 4615 poi
822 4547 872 4600 Ma.
890 4549 955 4602 Luc.
966 4497 1028 4610 ete

135 4613 185 4681 ¹²)
203 4625 305 4672 notetur
322 4621 356 4670 nd
372 4620 519 4671 comitatem
531 4619 662 4686 'perpendo
681 4617 742 4670 irio.
779 4615 811 4668 ci.
829 4633 898 4669 vers.
916 4634 1004 4683 graec.

1027 4551 1129 4616 olbert,
1147 4549 1253 4602 aedunt.
1361 4582 1363 4586 ψ
