<?xml version="1.0" encoding="UTF-8"?>
<!DOCTYPE html PUBLIC "-//W3C//DTD XHTML 1.0 Transitional//EN"
    "http://www.w3.org/TR/xhtml1/DTD/xhtml1-transitional.dtd">
<html xmlns="http://www.w3.org/1999/xhtml" xml:lang="en" lang="en">
 <head>
  <title>
</title>
<meta http-equiv="Content-Type" content="text/html;charset=utf-8" />
  <meta name='ocr-system' content='tesseract 3.04.00' />
  <meta name='ocr-capabilities' content='ocr_page ocr_carea ocr_par ocr_line ocrx_word'/>
</head>
<body>
  <div class='ocr_page' id='page_1' title='image "./canonesapostolo00brungoog/canonesapostolo00brungoog_0339.png"; bbox 0 0 2880 5050; ppageno 0'>
   <div class='ocr_carea' id='block_1_1' title="bbox 167 215 1108 340">
    <p class='ocr_par' dir='ltr' id='par_1_1' title="bbox 167 215 1108 340">
     <span class='ocr_line' id='line_1_1' title="bbox 167 215 1108 340; baseline -0.001 -4"><span class='ocrx_word' id='word_1_1' title='bbox 167 215 173 232; x_wconf 79' lang='grc'><em>’</em></span> <span class='ocrx_word' id='word_1_2' title='bbox 215 267 280 336; x_wconf 82' lang='lat' dir='ltr'><strong>aar</strong></span> <span class='ocrx_word' id='word_1_3' title='bbox 482 268 725 340; x_wconf 76' lang='lat' dir='ltr'><strong>conantum</strong></span> <span class='ocrx_word' id='word_1_4' title='bbox 746 267 1018 338; x_wconf 78' lang='lat' dir='ltr'><strong>mnnrnnun</strong></span> <span class='ocrx_word' id='word_1_5' title='bbox 1037 271 1108 337; x_wconf 77' lang='lat' dir='ltr'><strong>nn.</strong></span> 
     </span>
    </p>
   </div>
   <div class='ocr_carea' id='block_1_2' title="bbox 216 431 1416 1554">
    <p class='ocr_par' dir='ltr' id='par_1_2' title="bbox 216 431 1416 1554">
     <span class='ocr_line' id='line_1_2' title="bbox 220 431 1389 527; baseline -0.006 -18"><span class='ocrx_word' id='word_1_6' title='bbox 220 443 301 526; x_wconf 87' lang='lat' dir='ltr'><strong>cipis</strong></span> <span class='ocrx_word' id='word_1_7' title='bbox 327 431 513 527; x_wconf 78' lang='lat' dir='ltr'><strong>impulsione</strong></span> <span class='ocrx_word' id='word_1_8' title='bbox 541 443 604 509; x_wconf 93' lang='lat' dir='ltr'><strong>illic</strong></span> <span class='ocrx_word' id='word_1_9' title='bbox 633 443 776 508; x_wconf 86' lang='lat' dir='ltr'><strong>constitit</strong></span> <span class='ocrx_word' id='word_1_10' title='bbox 802 441 987 507; x_wconf 81' lang='lat' dir='ltr'><strong>ordinatus:</strong></span> <span class='ocrx_word' id='word_1_11' title='bbox 1020 451 1056 506; x_wconf 90' lang='lat' dir='ltr'><strong>et</strong></span> <span class='ocrx_word' id='word_1_12' title='bbox 1081 441 1154 506; x_wconf 83' lang='lat' dir='ltr'><strong>ideo</strong></span> <span class='ocrx_word' id='word_1_13' title='bbox 1174 438 1241 504; x_wconf 84' lang='lat' dir='ltr'><strong>boc</strong></span> <span class='ocrx_word' id='word_1_14' title='bbox 1264 439 1318 501; x_wconf 93' lang='lat' dir='ltr'><strong>illi</strong></span> <span class='ocrx_word' id='word_1_15' title='bbox 1339 459 1389 502; x_wconf 85' lang='lat' dir='ltr'><strong>rc-</strong></span> 
     </span>
     <span class='ocr_line' id='line_1_3' title="bbox 220 525 1387 612; baseline -0.004 -20"><span class='ocrx_word' id='word_1_16' title='bbox 220 530 355 592; x_wconf 87' lang='lat' dir='ltr'>medium</span> <span class='ocrx_word' id='word_1_17' title='bbox 383 529 585 593; x_wconf 77' lang='lat' dir='ltr'><strong>humanitatis</strong></span> <span class='ocrx_word' id='word_1_18' title='bbox 613 531 834 612; x_wconf 76' lang='lat' dir='ltr'><strong>concedimus,</strong></span> <span class='ocrx_word' id='word_1_19' title='bbox 863 539 899 592; x_wconf 88' lang='lat' dir='ltr'><strong>ut</strong></span> <span class='ocrx_word' id='word_1_20' title='bbox 928 530 960 590; x_wconf 92' lang='lat' dir='ltr'><strong>in</strong></span> <span class='ocrx_word' id='word_1_21' title='bbox 980 527 1091 592; x_wconf 87' lang='lat' dir='ltr'><strong>sedem</strong></span> <span class='ocrx_word' id='word_1_22' title='bbox 1112 529 1204 590; x_wconf 87' lang='lat' dir='ltr'><strong>aliam</strong></span> <span class='ocrx_word' id='word_1_23' title='bbox 1221 525 1258 604; x_wconf 79' lang='grc' dir='ltr'><strong>Ι)</strong></span> <span class='ocrx_word' id='word_1_24' title='bbox 1283 526 1387 588; x_wconf 86' lang='lat' dir='ltr'><strong>dece-</strong></span> 
     </span>
     <span class='ocr_line' id='line_1_4' title="bbox 220 613 1385 696; baseline -0.003 -18"><span class='ocrx_word' id='word_1_25' title='bbox 220 613 324 678; x_wconf 89' lang='lat' dir='ltr'><strong>dentis</strong></span> <span class='ocrx_word' id='word_1_26' title='bbox 346 615 513 695; x_wconf 88' lang='lat' dir='ltr'><strong>cujuslibet</strong></span> <span class='ocrx_word' id='word_1_27' title='bbox 532 617 674 696; x_wconf 90' lang='lat' dir='ltr'><strong>episcopi</strong></span> <span class='ocrx_word' id='word_1_28' title='bbox 694 616 922 695; x_wconf 82' lang='lat' dir='ltr'><strong>transducatur,</strong></span> <span class='ocrx_word' id='word_1_29' title='bbox 944 623 978 676; x_wconf 83' lang='lat' dir='ltr'><strong>et</strong></span> <span class='ocrx_word' id='word_1_30' title='bbox 996 613 1179 696; x_wconf 85' lang='lat' dir='ltr'><strong>praedictus</strong></span> <span class='ocrx_word' id='word_1_31' title='bbox 1201 613 1305 675; x_wconf 87' lang='lat' dir='ltr'><strong>locus</strong></span> <span class='ocrx_word' id='word_1_32' title='bbox 1332 613 1385 674; x_wconf 88' lang='lat' dir='ltr'><strong>sub</strong></span> 
     </span>
     <span class='ocr_line' id='line_1_5' title="bbox 220 698 1383 784; baseline -0.004 -20"><span class='ocrx_word' id='word_1_33' title='bbox 220 700 396 764; x_wconf 89' lang='lat' dir='ltr'><strong>monastica</strong></span> <span class='ocrx_word' id='word_1_34' title='bbox 423 701 574 784; x_wconf 76' lang='lat' dir='ltr'><strong>deinceps</strong></span> <span class='ocrx_word' id='word_1_35' title='bbox 601 703 797 764; x_wconf 88' lang='lat' dir='ltr'><strong>institutione</strong></span> <span class='ocrx_word' id='word_1_36' title='bbox 827 719 992 764; x_wconf 89' lang='lat' dir='ltr'><strong>mansurus</strong></span> <span class='ocrx_word' id='word_1_37' title='bbox 1018 719 1081 762; x_wconf 92' lang='lat' dir='ltr'><strong>non</strong></span> <span class='ocrx_word' id='word_1_38' title='bbox 1102 698 1282 780; x_wconf 76' lang='lat' dir='ltr'><strong>episcopali</strong></span> <span class='ocrx_word' id='word_1_39' title='bbox 1307 700 1383 759; x_wconf 89' lang='lat' dir='ltr'><strong>ultra</strong></span> 
     </span>
     <span class='ocr_line' id='line_1_6' title="bbox 225 784 1382 870; baseline -0.003 -22"><span class='ocrx_word' id='word_1_40' title='bbox 225 786 389 868; x_wconf 84' lang='lat' dir='ltr'><strong>privilegia</strong></span> <span class='ocrx_word' id='word_1_41' title='bbox 415 786 532 868; x_wconf 87' lang='lat' dir='ltr'><strong>fretus,</strong></span> <span class='ocrx_word' id='word_1_42' title='bbox 567 787 626 849; x_wconf 90' lang='lat' dir='ltr'><strong>sed</strong></span> <span class='ocrx_word' id='word_1_43' title='bbox 654 789 713 850; x_wconf 91' lang='lat' dir='ltr'><strong>sub</strong></span> <span class='ocrx_word' id='word_1_44' title='bbox 739 788 862 850; x_wconf 85' lang='lat' dir='ltr'><strong>abbatis</strong></span> <span class='ocrx_word' id='word_1_45' title='bbox 889 786 1058 870; x_wconf 80' lang='lat' dir='ltr'><strong>regimine,</strong></span> <span class='ocrx_word' id='word_1_46' title='bbox 1095 785 1178 848; x_wconf 82' lang='lat' dir='ltr'><strong>sicut</strong></span> <span class='ocrx_word' id='word_1_47' title='bbox 1208 784 1382 865; x_wconf 87' lang='lat' dir='ltr'><strong>hucusque</strong></span> 
     </span>
     <span class='ocr_line' id='line_1_7' title="bbox 222 869 1381 954; baseline -0.003 -20"><span class='ocrx_word' id='word_1_48' title='bbox 222 872 301 954; x_wconf 83' lang='lat' dir='ltr'><strong>fuit,</strong></span> <span class='ocrx_word' id='word_1_49' title='bbox 335 873 394 934; x_wconf 88' lang='lat' dir='ltr'><strong>erit</strong></span> <span class='ocrx_word' id='word_1_50' title='bbox 422 872 523 934; x_wconf 81' lang='lat' dir='ltr'><strong>modis</strong></span> <span class='ocrx_word' id='word_1_51' title='bbox 550 873 692 934; x_wconf 91' lang='lat' dir='ltr'><strong>omnibus</strong></span> <span class='ocrx_word' id='word_1_52' title='bbox 718 872 953 954; x_wconf 87' lang='lat' dir='ltr'><strong>mancipandus.</strong></span> <span class='ocrx_word' id='word_1_53' title='bbox 995 871 1069 936; x_wconf 80' lang='lat' dir='ltr'><strong>dam</strong></span> <span class='ocrx_word' id='word_1_54' title='bbox 1095 889 1171 932; x_wconf 90' lang='lat' dir='ltr'><strong>vero</strong></span> <span class='ocrx_word' id='word_1_55' title='bbox 1199 869 1243 931; x_wconf 89' lang='lat' dir='ltr'><strong>de</strong></span> <span class='ocrx_word' id='word_1_56' title='bbox 1273 879 1381 932; x_wconf 87' lang='lat' dir='ltr'><strong>cetero</strong></span> 
     </span>
     <span class='ocr_line' id='line_1_8' title="bbox 221 957 1378 1040; baseline 0 -22"><span class='ocrx_word' id='word_1_57' title='bbox 221 958 371 1040; x_wconf 82' lang='lat' dir='ltr'><strong>gencrale</strong></span> <span class='ocrx_word' id='word_1_58' title='bbox 402 966 556 1039; x_wconf 87' lang='lat' dir='ltr'><strong>ponentes</strong></span> <span class='ocrx_word' id='word_1_59' title='bbox 571 957 606 1036; x_wconf 86' lang='lat'><strong>²)</strong></span> <span class='ocrx_word' id='word_1_60' title='bbox 633 957 787 1040; x_wconf 88' lang='lat' dir='ltr'><strong>edictum,</strong></span> <span class='ocrx_word' id='word_1_61' title='bbox 814 959 842 1020; x_wconf 93' lang='lat' dir='ltr'><strong>si</strong></span> <span class='ocrx_word' id='word_1_62' title='bbox 869 958 942 1039; x_wconf 89' lang='lat' dir='ltr'><strong>quis</strong></span> <span class='ocrx_word' id='word_1_63' title='bbox 969 966 1079 1020; x_wconf 89' lang='lat' dir='ltr'><strong>contra</strong></span> <span class='ocrx_word' id='word_1_64' title='bbox 1097 957 1179 1019; x_wconf 86' lang='lat' dir='ltr'><strong>haec</strong></span> <span class='ocrx_word' id='word_1_65' title='bbox 1201 957 1378 1036; x_wconf 80' lang='lat' dir='ltr'><strong>apostolica</strong></span> 
     </span>
     <span class='ocr_line' id='line_1_9' title="bbox 216 1041 1377 1124; baseline 0 -20"><span class='ocrx_word' id='word_1_66' title='bbox 216 1041 324 1124; x_wconf 85' lang='lat' dir='ltr'><strong>jussa,</strong></span> <span class='ocrx_word' id='word_1_67' title='bbox 352 1043 473 1124; x_wconf 92' lang='lat' dir='ltr'><strong>siquis</strong></span> <span class='ocrx_word' id='word_1_68' title='bbox 501 1051 609 1105; x_wconf 90' lang='lat' dir='ltr'><strong>contra</strong></span> <span class='ocrx_word' id='word_1_69' title='bbox 637 1043 718 1105; x_wconf 86' lang='lat' dir='ltr'><strong>haec</strong></span> <span class='ocrx_word' id='word_1_70' title='bbox 738 1061 892 1106; x_wconf 87' lang='lat' dir='ltr'><strong>canonum</strong></span> <span class='ocrx_word' id='word_1_71' title='bbox 914 1043 1082 1106; x_wconf 85' lang='lat' dir='ltr'><strong>interdicta</strong></span> <span class='ocrx_word' id='word_1_72' title='bbox 1101 1041 1211 1104; x_wconf 86' lang='lat' dir='ltr'><strong>venire</strong></span> <span class='ocrx_word' id='word_1_73' title='bbox 1235 1057 1377 1104; x_wconf 84' lang='lat' dir='ltr'><strong>conave-</strong></span> 
     </span>
     <span class='ocr_line' id='line_1_10' title="bbox 217 1127 1375 1210; baseline -0.004 -17"><span class='ocrx_word' id='word_1_74' title='bbox 217 1129 259 1194; x_wconf 84' lang='lat' dir='ltr'><strong>rit</strong></span> <span class='ocrx_word' id='word_1_75' title='bbox 278 1128 313 1206; x_wconf 66' lang='grc'><strong>8)</strong></span> <span class='ocrx_word' id='word_1_76' title='bbox 325 1173 335 1209; x_wconf 90' lang='grc'><em>,</em></span> <span class='ocrx_word' id='word_1_77' title='bbox 367 1137 405 1190; x_wconf 91' lang='lat' dir='ltr'><strong>ut</strong></span> <span class='ocrx_word' id='word_1_78' title='bbox 431 1130 461 1190; x_wconf 92' lang='lat' dir='ltr'><strong>in</strong></span> <span class='ocrx_word' id='word_1_79' title='bbox 488 1129 567 1191; x_wconf 91' lang='lat' dir='ltr'><strong>locis</strong></span> <span class='ocrx_word' id='word_1_80' title='bbox 596 1128 656 1190; x_wconf 90' lang='lat' dir='ltr'><strong>illis</strong></span> <span class='ocrx_word' id='word_1_81' title='bbox 685 1127 870 1210; x_wconf 88' lang='lat' dir='ltr'><strong>episcopum</strong></span> <span class='ocrx_word' id='word_1_82' title='bbox 891 1129 992 1210; x_wconf 81' lang='lat' dir='ltr'><strong>eligat</strong></span> <span class='ocrx_word' id='word_1_83' title='bbox 1022 1129 1089 1190; x_wconf 87' lang='lat' dir='ltr'><strong>lieri</strong></span> <span class='ocrx_word' id='word_1_84' title='bbox 1123 1127 1177 1190; x_wconf 92' lang='lat' dir='ltr'><strong>ubi</strong></span> <span class='ocrx_word' id='word_1_85' title='bbox 1203 1128 1375 1209; x_wconf 80' lang='lat' dir='ltr'><strong>opiscopus</strong></span> 
     </span>
     <span class='ocr_line' id='line_1_11' title="bbox 219 1211 1373 1296; baseline -0.004 -18"><span class='ocrx_word' id='word_1_86' title='bbox 219 1231 376 1294; x_wconf 87' lang='lat' dir='ltr'><strong>uunquam</strong></span> <span class='ocrx_word' id='word_1_87' title='bbox 396 1214 472 1294; x_wconf 85' lang='lat' dir='ltr'><strong>fuit,</strong></span> <span class='ocrx_word' id='word_1_88' title='bbox 499 1215 542 1276; x_wconf 90' lang='lat' dir='ltr'><strong>sit</strong></span> <span class='ocrx_word' id='word_1_89' title='bbox 563 1213 729 1276; x_wconf 85' lang='lat' dir='ltr'><strong>anathema</strong></span> <span class='ocrx_word' id='word_1_90' title='bbox 750 1215 781 1276; x_wconf 92' lang='lat' dir='ltr'><strong>in</strong></span> <span class='ocrx_word' id='word_1_91' title='bbox 803 1223 978 1294; x_wconf 88' lang='lat' dir='ltr'><strong>conspectu</strong></span> <span class='ocrx_word' id='word_1_92' title='bbox 1000 1213 1223 1296; x_wconf 83' lang='lat' dir='ltr'><strong>omnipotentis</strong></span> <span class='ocrx_word' id='word_1_93' title='bbox 1244 1211 1317 1293; x_wconf 86' lang='lat' dir='ltr'><strong>dei,</strong></span> <span class='ocrx_word' id='word_1_94' title='bbox 1345 1221 1373 1276; x_wconf 88' lang='lat' dir='ltr'><strong>et</strong></span> 
     </span>
     <span class='ocr_line' id='line_1_12' title="bbox 220 1297 1416 1392; baseline -0.002 -31"><span class='ocrx_word' id='word_1_95' title='bbox 220 1299 348 1380; x_wconf 91' lang='lat' dir='ltr'><strong>insuper</strong></span> <span class='ocrx_word' id='word_1_96' title='bbox 378 1307 442 1362; x_wconf 89' lang='lat' dir='ltr'><strong>tam</strong></span> <span class='ocrx_word' id='word_1_97' title='bbox 474 1300 619 1362; x_wconf 85' lang='lat' dir='ltr'><strong>ordinans</strong></span> <span class='ocrx_word' id='word_1_98' title='bbox 654 1317 747 1382; x_wconf 88' lang='lat' dir='ltr'><strong>quam</strong></span> <span class='ocrx_word' id='word_1_99' title='bbox 774 1299 935 1363; x_wconf 84' lang='lat' dir='ltr'><strong>ordinatus</strong></span> <span class='ocrx_word' id='word_1_100' title='bbox 968 1300 1099 1383; x_wconf 74' lang='lat' dir='ltr'><strong>graduum</strong></span> <span class='ocrx_word' id='word_1_101' title='bbox 1125 1299 1176 1361; x_wconf 85' lang='lat' dir='ltr'><strong>sui</strong></span> <span class='ocrx_word' id='word_1_102' title='bbox 1202 1297 1321 1360; x_wconf 76' lang='lat' dir='ltr'><strong>ordinis</strong></span> <span class='ocrx_word' id='word_1_103' title='bbox 1341 1297 1372 1376; x_wconf 83' lang='lat'><strong>⁴)</strong></span> <span class='ocrx_word' id='word_1_104' title='bbox 1415 1368 1416 1392; x_wconf 14' lang='grc' dir='ltr'><strong>χ</strong></span> 
     </span>
     <span class='ocr_line' id='line_1_13' title="bbox 220 1383 1416 1468; baseline -0.002 -22"><span class='ocrx_word' id='word_1_105' title='bbox 220 1383 352 1468; x_wconf 86' lang='lat' dir='ltr'><strong>perdat,</strong></span> <span class='ocrx_word' id='word_1_106' title='bbox 385 1385 459 1467; x_wconf 87' lang='lat' dir='ltr'><strong>quia</strong></span> <span class='ocrx_word' id='word_1_107' title='bbox 491 1403 553 1447; x_wconf 92' lang='lat' dir='ltr'><strong>non</strong></span> <span class='ocrx_word' id='word_1_108' title='bbox 584 1385 686 1448; x_wconf 85' lang='lat' dir='ltr'><strong>solum</strong></span> <span class='ocrx_word' id='word_1_109' title='bbox 717 1386 913 1468; x_wconf 85' lang='lat' dir='ltr'><strong>antiquorum</strong></span> <span class='ocrx_word' id='word_1_110' title='bbox 946 1395 1067 1466; x_wconf 85' lang='lat' dir='ltr'><strong>patrum</strong></span> <span class='ocrx_word' id='word_1_111' title='bbox 1097 1385 1230 1450; x_wconf 86' lang='lat' dir='ltr'><strong>decreta</strong></span> <span class='ocrx_word' id='word_1_112' title='bbox 1255 1384 1313 1446; x_wconf 87' lang='lat' dir='ltr'><strong>sed</strong></span> <span class='ocrx_word' id='word_1_113' title='bbox 1339 1392 1370 1446; x_wconf 88' lang='lat' dir='ltr'><strong>et</strong></span> <span class='ocrx_word' id='word_1_114' title='bbox 1415 1395 1416 1416; x_wconf 64' lang='lat'>¹</span> 
     </span>
     <span class='ocr_line' id='line_1_14' title="bbox 221 1471 961 1554; baseline -0.003 -20"><span class='ocrx_word' id='word_1_115' title='bbox 221 1471 396 1554; x_wconf 82' lang='lat' dir='ltr'><strong>apostolica</strong></span> <span class='ocrx_word' id='word_1_116' title='bbox 417 1489 515 1534; x_wconf 88' lang='lat' dir='ltr'><strong>ausus</strong></span> <span class='ocrx_word' id='word_1_117' title='bbox 538 1479 590 1535; x_wconf 89' lang='lat' dir='ltr'><strong>est</strong></span> <span class='ocrx_word' id='word_1_118' title='bbox 609 1473 788 1536; x_wconf 84' lang='lat' dir='ltr'><strong>convellere</strong></span> <span class='ocrx_word' id='word_1_119' title='bbox 808 1472 961 1536; x_wconf 88' lang='lat' dir='ltr'><strong>instituta.</strong></span> 
     </span>
    </p>
   </div>
   <div class='ocr_carea' id='block_1_3' title="bbox 216 1673 1417 3386">
    <p class='ocr_par' dir='ltr' id='par_1_3' title="bbox 216 1673 1417 3386">
     <span class='ocr_line' id='line_1_15' title="bbox 305 1673 1373 1760; baseline -0.005 -20"><span class='ocrx_word' id='word_1_120' title='bbox 305 1676 454 1740; x_wconf 77' lang='lat' dir='ltr'>Relatum</span> <span class='ocrx_word' id='word_1_121' title='bbox 478 1675 568 1740; x_wconf 89' lang='lat' dir='ltr'><strong>nobis</strong></span> <span class='ocrx_word' id='word_1_122' title='bbox 596 1685 666 1758; x_wconf 90' lang='lat' dir='ltr'><strong>est,</strong></span> <span class='ocrx_word' id='word_1_123' title='bbox 694 1677 848 1760; x_wconf 85' lang='lat' dir='ltr'><strong>quosdam</strong></span> <span class='ocrx_word' id='word_1_124' title='bbox 869 1675 910 1743; x_wconf 85' lang='lat' dir='ltr'><strong>dc</strong></span> <span class='ocrx_word' id='word_1_125' title='bbox 932 1673 1151 1740; x_wconf 89' lang='lat' dir='ltr'><strong>sacerdotibus</strong></span> <span class='ocrx_word' id='word_1_126' title='bbox 1173 1693 1237 1736; x_wconf 92' lang='lat' dir='ltr'><strong>non</strong></span> <span class='ocrx_word' id='word_1_127' title='bbox 1260 1682 1310 1736; x_wconf 93' lang='lat' dir='ltr'><strong>tot</strong></span> <span class='ocrx_word' id='word_1_128' title='bbox 1327 1673 1373 1735; x_wconf 84' lang='lat' dir='ltr'><strong>vi·</strong></span> 
     </span>
     <span class='ocr_line' id='line_1_16' title="bbox 223 1754 1417 1848; baseline -0.005 -22"><span class='ocrx_word' id='word_1_129' title='bbox 223 1762 313 1826; x_wconf 90' lang='lat' dir='ltr'><strong>cibus</strong></span> <span class='ocrx_word' id='word_1_130' title='bbox 342 1763 565 1826; x_wconf 87' lang='lat' dir='ltr'><strong>communionis</strong></span> <span class='ocrx_word' id='word_1_131' title='bbox 593 1771 726 1826; x_wconf 86' lang='lat' dir='ltr'><strong>sanctae</strong></span> <span class='ocrx_word' id='word_1_132' title='bbox 746 1765 878 1848; x_wconf 79' lang='lat' dir='ltr'><strong>gratiam</strong></span> <span class='ocrx_word' id='word_1_133' title='bbox 899 1783 1041 1846; x_wconf 87' lang='lat' dir='ltr'><strong>sumere,</strong></span> <span class='ocrx_word' id='word_1_134' title='bbox 1071 1767 1148 1844; x_wconf 93' lang='lat' dir='ltr'><strong>quot</strong></span> <span class='ocrx_word' id='word_1_135' title='bbox 1170 1759 1372 1822; x_wconf 81' lang='lat' dir='ltr'><strong>sacrIficiain</strong></span> <span class='ocrx_word' id='word_1_136' title='bbox 1416 1754 1417 1836; x_wconf 76' lang='lat' dir='ltr'><strong>l</strong></span> 
     </span>
     <span class='ocr_line' id='line_1_17' title="bbox 222 1841 1417 1932; baseline -0.003 -23"><span class='ocrx_word' id='word_1_137' title='bbox 222 1867 284 1910; x_wconf 91' lang='lat' dir='ltr'><strong>uuo</strong></span> <span class='ocrx_word' id='word_1_138' title='bbox 306 1847 357 1910; x_wconf 90' lang='lat' dir='ltr'><strong>die</strong></span> <span class='ocrx_word' id='word_1_139' title='bbox 377 1849 521 1912; x_wconf 89' lang='lat' dir='ltr'><strong>videntur</strong></span> <span class='ocrx_word' id='word_1_140' title='bbox 534 1847 568 1925; x_wconf 66' lang='grc'><strong>5)</strong></span> <span class='ocrx_word' id='word_1_141' title='bbox 590 1847 721 1932; x_wconf 86' lang='lat' dir='ltr'><strong>offerre,</strong></span> <span class='ocrx_word' id='word_1_142' title='bbox 750 1849 808 1912; x_wconf 83' lang='lat' dir='ltr'><strong>sed</strong></span> <span class='ocrx_word' id='word_1_143' title='bbox 828 1851 859 1912; x_wconf 93' lang='lat' dir='ltr'><strong>in</strong></span> <span class='ocrx_word' id='word_1_144' title='bbox 880 1869 942 1912; x_wconf 92' lang='lat' dir='ltr'><strong>uuo</strong></span> <span class='ocrx_word' id='word_1_145' title='bbox 966 1849 1035 1930; x_wconf 87' lang='lat' dir='ltr'><strong>dio,</strong></span> <span class='ocrx_word' id='word_1_146' title='bbox 1064 1849 1091 1910; x_wconf 86' lang='lat' dir='ltr'><strong>si</strong></span> <span class='ocrx_word' id='word_1_147' title='bbox 1113 1847 1245 1926; x_wconf 91' lang='lat' dir='ltr'><strong>plurima</strong></span> <span class='ocrx_word' id='word_1_148' title='bbox 1266 1865 1372 1926; x_wconf 88' lang='lat' dir='ltr'><strong>perse</strong></span> <span class='ocrx_word' id='word_1_149' title='bbox 1416 1841 1417 1916; x_wconf 55' lang='grc' dir='ltr'>Τ</span> 
     </span>
     <span class='ocr_line' id='line_1_18' title="bbox 223 1931 1374 2015; baseline -0.004 -19"><span class='ocrx_word' id='word_1_150' title='bbox 223 1931 284 1996; x_wconf 90' lang='lat' dir='ltr'><strong>deo</strong></span> <span class='ocrx_word' id='word_1_151' title='bbox 306 1933 440 1996; x_wconf 85' lang='lat' dir='ltr'><strong>offerant</strong></span> <span class='ocrx_word' id='word_1_152' title='bbox 460 1933 632 2015; x_wconf 88' lang='lat' dir='ltr'><strong>sacrificia,</strong></span> <span class='ocrx_word' id='word_1_153' title='bbox 661 1935 693 1996; x_wconf 93' lang='lat' dir='ltr'><strong>in</strong></span> <span class='ocrx_word' id='word_1_154' title='bbox 715 1935 856 1998; x_wconf 89' lang='lat' dir='ltr'><strong>omnibus</strong></span> <span class='ocrx_word' id='word_1_155' title='bbox 877 1953 914 1997; x_wconf 89' lang='lat' dir='ltr'><strong>so</strong></span> <span class='ocrx_word' id='word_1_156' title='bbox 936 1935 1141 1998; x_wconf 82' lang='lat' dir='ltr'><strong>oblationibus</strong></span> <span class='ocrx_word' id='word_1_157' title='bbox 1163 1951 1183 1994; x_wconf 86' lang='lat' dir='ltr'><strong>a</strong></span> <span class='ocrx_word' id='word_1_158' title='bbox 1203 1933 1374 1994; x_wconf 92' lang='lat' dir='ltr'><strong>communi-</strong></span> 
     </span>
     <span class='ocr_line' id='line_1_19' title="bbox 222 2017 1373 2100; baseline -0.005 -18"><span class='ocrx_word' id='word_1_159' title='bbox 222 2018 323 2082; x_wconf 88' lang='lat' dir='ltr'><strong>cando</strong></span> <span class='ocrx_word' id='word_1_160' title='bbox 342 2018 376 2097; x_wconf 80' lang='grc'><strong>·)</strong></span> <span class='ocrx_word' id='word_1_161' title='bbox 406 2019 602 2099; x_wconf 89' lang='lat' dir='ltr'><strong>suspendant</strong></span> <span class='ocrx_word' id='word_1_162' title='bbox 625 2017 677 2100; x_wconf 66' lang='lat' dir='ltr'><strong>l),</strong></span> <span class='ocrx_word' id='word_1_163' title='bbox 705 2029 738 2080; x_wconf 89' lang='lat' dir='ltr'><strong>et</strong></span> <span class='ocrx_word' id='word_1_164' title='bbox 765 2021 796 2082; x_wconf 92' lang='lat' dir='ltr'><strong>in</strong></span> <span class='ocrx_word' id='word_1_165' title='bbox 825 2020 894 2082; x_wconf 89' lang='lat' dir='ltr'><strong>sola</strong></span> <span class='ocrx_word' id='word_1_166' title='bbox 921 2027 1042 2084; x_wconf 88' lang='lat' dir='ltr'><strong>tantum</strong></span> <span class='ocrx_word' id='word_1_167' title='bbox 1071 2017 1203 2082; x_wconf 82' lang='lat' dir='ltr'><strong>extremi</strong></span> <span class='ocrx_word' id='word_1_168' title='bbox 1231 2017 1373 2080; x_wconf 82' lang='lat' dir='ltr'><strong>sacrificii</strong></span> 
     </span>
     <span class='ocr_line' id='line_1_20' title="bbox 221 2102 1373 2188; baseline -0.002 -24"><span class='ocrx_word' id='word_1_169' title='bbox 221 2103 378 2165; x_wconf 88' lang='lat' dir='ltr'><strong>oblatione</strong></span> <span class='ocrx_word' id='word_1_170' title='bbox 406 2103 629 2167; x_wconf 83' lang='lat' dir='ltr'><strong>communionis</strong></span> <span class='ocrx_word' id='word_1_171' title='bbox 657 2113 791 2166; x_wconf 89' lang='lat' dir='ltr'><strong>sanctae</strong></span> <span class='ocrx_word' id='word_1_172' title='bbox 819 2107 951 2188; x_wconf 81' lang='lat' dir='ltr'><strong>gratiam</strong></span> <span class='ocrx_word' id='word_1_173' title='bbox 981 2113 1106 2169; x_wconf 88' lang='lat' dir='ltr'><strong>sumant</strong></span> <span class='ocrx_word' id='word_1_174' title='bbox 1119 2102 1168 2184; x_wconf 81' lang='lat'><strong>⁸),</strong></span> <span class='ocrx_word' id='word_1_175' title='bbox 1196 2105 1288 2184; x_wconf 88' lang='lat' dir='ltr'><strong>quasi</strong></span> <span class='ocrx_word' id='word_1_176' title='bbox 1316 2123 1373 2163; x_wconf 90' lang='lat' dir='ltr'><strong>non</strong></span> 
     </span>
     <span class='ocr_line' id='line_1_21' title="bbox 221 2187 1372 2273; baseline -0.004 -21"><span class='ocrx_word' id='word_1_177' title='bbox 221 2189 265 2252; x_wconf 85' lang='lat' dir='ltr'><strong>sit</strong></span> <span class='ocrx_word' id='word_1_178' title='bbox 285 2187 383 2250; x_wconf 85' lang='lat' dir='ltr'><strong>toties</strong></span> <span class='ocrx_word' id='word_1_179' title='bbox 404 2209 477 2250; x_wconf 92' lang='lat' dir='ltr'><strong>reus</strong></span> <span class='ocrx_word' id='word_1_180' title='bbox 498 2189 580 2251; x_wconf 90' lang='lat' dir='ltr'><strong>illius</strong></span> <span class='ocrx_word' id='word_1_181' title='bbox 601 2189 669 2250; x_wconf 92' lang='lat' dir='ltr'><strong>veri</strong></span> <span class='ocrx_word' id='word_1_182' title='bbox 690 2198 724 2250; x_wconf 87' lang='lat' dir='ltr'><strong>et</strong></span> <span class='ocrx_word' id='word_1_183' title='bbox 745 2191 914 2273; x_wconf 86' lang='lat' dir='ltr'><strong>singularis</strong></span> <span class='ocrx_word' id='word_1_184' title='bbox 935 2191 1100 2271; x_wconf 86' lang='lat' dir='ltr'><strong>sacrificii,</strong></span> <span class='ocrx_word' id='word_1_185' title='bbox 1132 2189 1259 2271; x_wconf 88' lang='lat' dir='ltr'><strong>quoties</strong></span> <span class='ocrx_word' id='word_1_186' title='bbox 1276 2189 1372 2268; x_wconf 89' lang='lat' dir='ltr'><strong>parti-</strong></span> 
     </span>
     <span class='ocr_line' id='line_1_22' title="bbox 219 2273 1372 2358; baseline -0.003 -22"><span class='ocrx_word' id='word_1_187' title='bbox 219 2273 341 2354; x_wconf 91' lang='lat' dir='ltr'><strong>cipator</strong></span> <span class='ocrx_word' id='word_1_188' title='bbox 367 2275 505 2356; x_wconf 86' lang='lat' dir='ltr'><strong>corporis</strong></span> <span class='ocrx_word' id='word_1_189' title='bbox 532 2282 565 2335; x_wconf 89' lang='lat' dir='ltr'><strong>et</strong></span> <span class='ocrx_word' id='word_1_190' title='bbox 591 2275 755 2358; x_wconf 71' lang='lat' dir='ltr'><strong>sanguinis</strong></span> <span class='ocrx_word' id='word_1_191' title='bbox 784 2275 898 2338; x_wconf 90' lang='lat' dir='ltr'><strong>domiui</strong></span> <span class='ocrx_word' id='word_1_192' title='bbox 924 2277 1024 2340; x_wconf 86' lang='lat' dir='ltr'><strong>nostri</strong></span> <span class='ocrx_word' id='word_1_193' title='bbox 1049 2277 1132 2342; x_wconf 87' lang='lat' dir='ltr'><strong>Jesu</strong></span> <span class='ocrx_word' id='word_1_194' title='bbox 1155 2273 1274 2338; x_wconf 82' lang='lat' dir='ltr'><strong>Christi</strong></span> <span class='ocrx_word' id='word_1_195' title='bbox 1300 2293 1372 2334; x_wconf 83' lang='lat' dir='ltr'><strong>essa</strong></span> 
     </span>
     <span class='ocr_line' id='line_1_23' title="bbox 219 2359 1376 2444; baseline -0.001 -22"><span class='ocrx_word' id='word_1_196' title='bbox 219 2359 377 2422; x_wconf 88' lang='lat' dir='ltr'><strong>destiterit</strong></span> <span class='ocrx_word' id='word_1_197' title='bbox 391 2359 434 2438; x_wconf 64' lang='grc' dir='ltr'><strong>ο).</strong></span> <span class='ocrx_word' id='word_1_198' title='bbox 475 2359 558 2422; x_wconf 86' lang='lat' dir='ltr'><strong>Nam</strong></span> <span class='ocrx_word' id='word_1_199' title='bbox 581 2379 660 2423; x_wconf 88' lang='lat' dir='ltr'><strong>ecce</strong></span> <span class='ocrx_word' id='word_1_200' title='bbox 682 2361 917 2441; x_wconf 79' lang='lat' dir='ltr'><strong>apostolus10)</strong></span> <span class='ocrx_word' id='word_1_201' title='bbox 938 2361 1033 2426; x_wconf 89' lang='lat' dir='ltr'><strong>dicit:</strong></span> <span class='ocrx_word' id='word_1_202' title='bbox 1065 2359 1180 2428; x_wconf 83' lang='lat' dir='ltr'><strong>Nonne</strong></span> <span class='ocrx_word' id='word_1_203' title='bbox 1203 2363 1261 2444; x_wconf 83' lang='lat' dir='ltr'><strong>qni</strong></span> <span class='ocrx_word' id='word_1_204' title='bbox 1281 2359 1376 2422; x_wconf 80' lang='lat' dir='ltr'><strong>edunt</strong></span> 
     </span>
     <span class='ocr_line' id='line_1_24' title="bbox 220 2444 1378 2532; baseline -0.002 -24"><span class='ocrx_word' id='word_1_205' title='bbox 220 2444 343 2508; x_wconf 76' lang='lat' dir='ltr'><strong>bustiae</strong></span> <span class='ocrx_word' id='word_1_206' title='bbox 368 2447 548 2529; x_wconf 82' lang='lat' dir='ltr'><strong>participes</strong></span> <span class='ocrx_word' id='word_1_207' title='bbox 575 2453 652 2510; x_wconf 80' lang='lat' dir='ltr'><strong>aunt</strong></span> <span class='ocrx_word' id='word_1_208' title='bbox 680 2445 829 2510; x_wconf 75' lang='lat' dir='ltr'><strong>altaris?</strong></span> <span class='ocrx_word' id='word_1_209' title='bbox 871 2447 909 2510; x_wconf 87' lang='lat' dir='ltr'><strong>Si</strong></span> <span class='ocrx_word' id='word_1_210' title='bbox 936 2467 1013 2532; x_wconf 87' lang='lat' dir='ltr'><strong>ergo</strong></span> <span class='ocrx_word' id='word_1_211' title='bbox 1043 2449 1095 2532; x_wconf 91' lang='lat' dir='ltr'><strong>qui</strong></span> <span class='ocrx_word' id='word_1_212' title='bbox 1125 2446 1222 2508; x_wconf 88' lang='lat' dir='ltr'><strong>edunt</strong></span> <span class='ocrx_word' id='word_1_213' title='bbox 1256 2445 1378 2507; x_wconf 89' lang='lat' dir='ltr'><strong>hostias</strong></span> 
     </span>
     <span class='ocr_line' id='line_1_25' title="bbox 218 2529 1378 2616; baseline -0.003 -22"><span class='ocrx_word' id='word_1_214' title='bbox 218 2533 388 2613; x_wconf 82' lang='lat' dir='ltr'><strong>participes</strong></span> <span class='ocrx_word' id='word_1_215' title='bbox 408 2539 482 2594; x_wconf 88' lang='lat' dir='ltr'><strong>sunt</strong></span> <span class='ocrx_word' id='word_1_216' title='bbox 503 2532 626 2614; x_wconf 76' lang='lat' dir='ltr'><strong>altaria,</strong></span> <span class='ocrx_word' id='word_1_217' title='bbox 656 2541 778 2596; x_wconf 88' lang='lat' dir='ltr'><strong>certum</strong></span> <span class='ocrx_word' id='word_1_218' title='bbox 799 2541 850 2596; x_wconf 89' lang='lat' dir='ltr'><strong>est</strong></span> <span class='ocrx_word' id='word_1_219' title='bbox 879 2533 1036 2616; x_wconf 80' lang='lat' dir='ltr'><strong>quodni,</strong></span> <span class='ocrx_word' id='word_1_220' title='bbox 1075 2531 1128 2614; x_wconf 89' lang='lat' dir='ltr'><strong>qui</strong></span> <span class='ocrx_word' id='word_1_221' title='bbox 1160 2529 1378 2594; x_wconf 88' lang='lat' dir='ltr'><strong>sacrificantes</strong></span> 
     </span>
     <span class='ocr_line' id='line_1_26' title="bbox 218 2615 1377 2699; baseline -0.002 -19"><span class='ocrx_word' id='word_1_222' title='bbox 218 2637 282 2680; x_wconf 91' lang='lat' dir='ltr'><strong>non</strong></span> <span class='ocrx_word' id='word_1_223' title='bbox 310 2617 429 2699; x_wconf 85' lang='lat' dir='ltr'><strong>edunt,</strong></span> <span class='ocrx_word' id='word_1_224' title='bbox 463 2617 508 2680; x_wconf 82' lang='lat' dir='ltr'><strong>rei</strong></span> <span class='ocrx_word' id='word_1_225' title='bbox 535 2627 608 2680; x_wconf 88' lang='lat' dir='ltr'><strong>sunt</strong></span> <span class='ocrx_word' id='word_1_226' title='bbox 636 2617 780 2681; x_wconf 90' lang='lat' dir='ltr'><strong>dominici</strong></span> <span class='ocrx_word' id='word_1_227' title='bbox 806 2620 1006 2682; x_wconf 85' lang='lat' dir='ltr'><strong>sacramenti.</strong></span> <span class='ocrx_word' id='word_1_228' title='bbox 1069 2615 1270 2698; x_wconf 81' lang='lat' dir='ltr'><strong>Quicumque</strong></span> <span class='ocrx_word' id='word_1_229' title='bbox 1303 2637 1377 2698; x_wconf 86' lang='lat' dir='ltr'><strong>ergo</strong></span> 
     </span>
     <span class='ocr_line' id='line_1_27' title="bbox 217 2701 1380 2782; baseline -0.002 -17"><span class='ocrx_word' id='word_1_230' title='bbox 217 2704 417 2766; x_wconf 88' lang='lat' dir='ltr'><strong>sacerdotum</strong></span> <span class='ocrx_word' id='word_1_231' title='bbox 439 2702 590 2782; x_wconf 90' lang='lat' dir='ltr'><strong>deinceps</strong></span> <span class='ocrx_word' id='word_1_232' title='bbox 612 2701 717 2766; x_wconf 90' lang='lat' dir='ltr'><strong>divino</strong></span> <span class='ocrx_word' id='word_1_233' title='bbox 738 2705 847 2766; x_wconf 87' lang='lat' dir='ltr'><strong>altario</strong></span> <span class='ocrx_word' id='word_1_234' title='bbox 869 2704 1060 2769; x_wconf 87' lang='lat' dir='ltr'><strong>sacrificium</strong></span> <span class='ocrx_word' id='word_1_235' title='bbox 1082 2705 1240 2766; x_wconf 90' lang='lat' dir='ltr'><strong>oblaturus</strong></span> <span class='ocrx_word' id='word_1_236' title='bbox 1264 2721 1380 2764; x_wconf 88' lang='lat' dir='ltr'><strong>acces·</strong></span> 
     </span>
     <span class='ocr_line' id='line_1_28' title="bbox 217 2788 1380 2872; baseline -0.002 -22"><span class='ocrx_word' id='word_1_237' title='bbox 217 2789 296 2852; x_wconf 90' lang='lat' dir='ltr'><strong>serit</strong></span> <span class='ocrx_word' id='word_1_238' title='bbox 317 2795 407 2850; x_wconf 84' lang='lat' dir='ltr'><strong>etse</strong></span> <span class='ocrx_word' id='word_1_239' title='bbox 432 2806 452 2849; x_wconf 92' lang='lat' dir='ltr'><strong>a</strong></span> <span class='ocrx_word' id='word_1_240' title='bbox 474 2788 690 2850; x_wconf 90' lang='lat' dir='ltr'><strong>communione</strong></span> <span class='ocrx_word' id='word_1_241' title='bbox 711 2789 931 2872; x_wconf 86' lang='lat' dir='ltr'><strong>suspenderit,</strong></span> <span class='ocrx_word' id='word_1_242' title='bbox 962 2791 1001 2853; x_wconf 90' lang='lat' dir='ltr'><strong>ab</strong></span> <span class='ocrx_word' id='word_1_243' title='bbox 1030 2789 1100 2872; x_wconf 87' lang='lat' dir='ltr'><strong>ipsa</strong></span> <span class='ocrx_word' id='word_1_244' title='bbox 1127 2806 1188 2870; x_wconf 90' lang='lat' dir='ltr'><strong>qua</strong></span> <span class='ocrx_word' id='word_1_245' title='bbox 1217 2807 1254 2850; x_wconf 85' lang='lat' dir='ltr'><strong>se</strong></span> <span class='ocrx_word' id='word_1_246' title='bbox 1289 2788 1380 2850; x_wconf 89' lang='lat' dir='ltr'><strong>inde-</strong></span> 
     </span>
     <span class='ocr_line' id='line_1_29' title="bbox 217 2873 1383 2956; baseline -0.003 -18"><span class='ocrx_word' id='word_1_247' title='bbox 217 2883 329 2938; x_wconf 91' lang='lat' dir='ltr'><strong>ocnter</strong></span> <span class='ocrx_word' id='word_1_248' title='bbox 362 2873 498 2954; x_wconf 86' lang='lat' dir='ltr'><strong>privavit</strong></span> <span class='ocrx_word' id='word_1_249' title='bbox 519 2875 621 2956; x_wconf 85' lang='lat' dir='ltr'><strong>gratia</strong></span> <span class='ocrx_word' id='word_1_250' title='bbox 643 2877 868 2938; x_wconf 89' lang='lat' dir='ltr'><strong>communionis</strong></span> <span class='ocrx_word' id='word_1_251' title='bbox 892 2895 973 2938; x_wconf 89' lang='lat' dir='ltr'><strong>anno</strong></span> <span class='ocrx_word' id='word_1_252' title='bbox 998 2893 1059 2938; x_wconf 90' lang='lat' dir='ltr'><strong>uno</strong></span> <span class='ocrx_word' id='word_1_253' title='bbox 1081 2873 1239 2956; x_wconf 89' lang='lat' dir='ltr'><strong>repulsum</strong></span> <span class='ocrx_word' id='word_1_254' title='bbox 1261 2892 1300 2934; x_wconf 90' lang='lat' dir='ltr'><strong>se</strong></span> <span class='ocrx_word' id='word_1_255' title='bbox 1323 2893 1383 2936; x_wconf 94' lang='lat' dir='ltr'><strong>no-</strong></span> 
     </span>
     <span class='ocr_line' id='line_1_30' title="bbox 216 2957 1381 3042; baseline -0.001 -22"><span class='ocrx_word' id='word_1_256' title='bbox 216 2959 316 3042; x_wconf 79' lang='lat' dir='ltr'><strong>verit3</strong></span> <span class='ocrx_word' id='word_1_257' title='bbox 336 2978 408 3020; x_wconf 89' lang='lat' dir='ltr'><strong>nam</strong></span> <span class='ocrx_word' id='word_1_258' title='bbox 433 2959 525 3040; x_wconf 86' lang='lat' dir='ltr'><strong>quale</strong></span> <span class='ocrx_word' id='word_1_259' title='bbox 546 2959 604 3020; x_wconf 91' lang='lat' dir='ltr'><strong>erit</strong></span> <span class='ocrx_word' id='word_1_260' title='bbox 626 2959 920 3042; x_wconf 80' lang='lat' dir='ltr'><strong>illudisaoriiicium,</strong></span> <span class='ocrx_word' id='word_1_261' title='bbox 943 2962 994 3024; x_wconf 93' lang='lat' dir='ltr'><strong>cui</strong></span> <span class='ocrx_word' id='word_1_262' title='bbox 1018 2979 1079 3024; x_wconf 91' lang='lat' dir='ltr'><strong>nec</strong></span> <span class='ocrx_word' id='word_1_263' title='bbox 1100 2962 1173 3040; x_wconf 89' lang='lat' dir='ltr'><strong>ipse</strong></span> <span class='ocrx_word' id='word_1_264' title='bbox 1194 2957 1381 3022; x_wconf 80' lang='lat' dir='ltr'><strong>sacrificans</strong></span> 
     </span>
     <span class='ocr_line' id='line_1_31' title="bbox 216 3041 1383 3128; baseline -0.001 -21"><span class='ocrx_word' id='word_1_265' title='bbox 216 3045 425 3128; x_wconf 86' lang='lat' dir='ltr'><strong>participasse</strong></span> <span class='ocrx_word' id='word_1_266' title='bbox 446 3041 679 3126; x_wconf 63' lang='lat' dir='ltr'><strong>cognoscitur?</strong></span> <span class='ocrx_word' id='word_1_267' title='bbox 709 3047 796 3128; x_wconf 76' lang='lat' dir='ltr'><strong>Ergo</strong></span> <span class='ocrx_word' id='word_1_268' title='bbox 818 3046 881 3109; x_wconf 91' lang='lat' dir='ltr'><strong>hoc</strong></span> <span class='ocrx_word' id='word_1_269' title='bbox 901 3047 1002 3110; x_wconf 90' lang='lat' dir='ltr'><strong>modis</strong></span> <span class='ocrx_word' id='word_1_270' title='bbox 1026 3047 1170 3110; x_wconf 91' lang='lat' dir='ltr'><strong>omnibus</strong></span> <span class='ocrx_word' id='word_1_271' title='bbox 1192 3052 1243 3107; x_wconf 87' lang='lat' dir='ltr'><strong>est</strong></span> <span class='ocrx_word' id='word_1_272' title='bbox 1266 3052 1383 3106; x_wconf 88' lang='lat' dir='ltr'><strong>tenen-</strong></span> 
     </span>
     <span class='ocr_line' id='line_1_32' title="bbox 217 3129 1383 3216; baseline -0.004 -22"><span class='ocrx_word' id='word_1_273' title='bbox 217 3129 305 3212; x_wconf 81' lang='lat' dir='ltr'><strong>dum,</strong></span> <span class='ocrx_word' id='word_1_274' title='bbox 333 3138 370 3192; x_wconf 89' lang='lat' dir='ltr'><strong>ut</strong></span> <span class='ocrx_word' id='word_1_275' title='bbox 396 3130 656 3212; x_wconf 89' lang='lat' dir='ltr'><strong>quotiescumque</strong></span> <span class='ocrx_word' id='word_1_276' title='bbox 683 3129 867 3196; x_wconf 85' lang='lat' dir='ltr'><strong>sacrificans</strong></span> <span class='ocrx_word' id='word_1_277' title='bbox 894 3151 1013 3216; x_wconf 92' lang='lat' dir='ltr'><strong>corpus</strong></span> <span class='ocrx_word' id='word_1_278' title='bbox 1036 3141 1070 3194; x_wconf 92' lang='lat' dir='ltr'><strong>et</strong></span> <span class='ocrx_word' id='word_1_279' title='bbox 1089 3129 1278 3214; x_wconf 86' lang='lat' dir='ltr'><strong>sanguinem</strong></span> <span class='ocrx_word' id='word_1_280' title='bbox 1300 3131 1383 3192; x_wconf 93' lang='lat' dir='ltr'><strong>Jesu</strong></span> 
     </span>
     <span class='ocr_line' id='line_1_33' title="bbox 216 3213 1383 3300; baseline -0.002 -20"><span class='ocrx_word' id='word_1_281' title='bbox 216 3215 336 3280; x_wconf 83' lang='lat' dir='ltr'><strong>christi</strong></span> <span class='ocrx_word' id='word_1_282' title='bbox 356 3213 470 3278; x_wconf 90' lang='lat' dir='ltr'><strong>domini</strong></span> <span class='ocrx_word' id='word_1_283' title='bbox 491 3215 589 3276; x_wconf 91' lang='lat' dir='ltr'><strong>nostri</strong></span> <span class='ocrx_word' id='word_1_284' title='bbox 610 3216 642 3276; x_wconf 93' lang='lat' dir='ltr'><strong>in</strong></span> <span class='ocrx_word' id='word_1_285' title='bbox 664 3215 774 3278; x_wconf 90' lang='lat' dir='ltr'><strong>altario</strong></span> <span class='ocrx_word' id='word_1_286' title='bbox 801 3217 959 3300; x_wconf 86' lang='lat' dir='ltr'><strong>immolat,</strong></span> <span class='ocrx_word' id='word_1_287' title='bbox 990 3219 1087 3280; x_wconf 88' lang='lat' dir='ltr'><strong>toties</strong></span> <span class='ocrx_word' id='word_1_288' title='bbox 1117 3216 1315 3298; x_wconf 90' lang='lat' dir='ltr'><strong>perceptioni</strong></span> <span class='ocrx_word' id='word_1_289' title='bbox 1330 3215 1383 3294; x_wconf 90' lang='lat'><strong>¹¹)</strong></span> 
     </span>
     <span class='ocr_line' id='line_1_34' title="bbox 216 3301 1188 3386; baseline -0.006 -17"><span class='ocrx_word' id='word_1_290' title='bbox 216 3302 356 3384; x_wconf 87' lang='lat' dir='ltr'><strong>corporis</strong></span> <span class='ocrx_word' id='word_1_291' title='bbox 376 3308 409 3364; x_wconf 91' lang='lat' dir='ltr'><strong>et</strong></span> <span class='ocrx_word' id='word_1_292' title='bbox 430 3301 595 3386; x_wconf 82' lang='lat' dir='ltr'><strong>sanguinis</strong></span> <span class='ocrx_word' id='word_1_293' title='bbox 616 3301 736 3368; x_wconf 84' lang='lat' dir='ltr'><strong>Christi</strong></span> <span class='ocrx_word' id='word_1_294' title='bbox 757 3321 795 3366; x_wconf 87' lang='lat' dir='ltr'><strong>se</strong></span> <span class='ocrx_word' id='word_1_295' title='bbox 816 3304 1004 3386; x_wconf 87' lang='lat' dir='ltr'><strong>participem</strong></span> <span class='ocrx_word' id='word_1_296' title='bbox 1027 3304 1188 3386; x_wconf 88' lang='lat' dir='ltr'><strong>praebeat.</strong></span> 
     </span>
    </p>
   </div>
   <div class='ocr_carea' id='block_1_4' title="bbox 188 3503 1384 4101">
    <p class='ocr_par' dir='ltr' id='par_1_4' title="bbox 304 3503 1384 3586">
     <span class='ocr_line' id='line_1_35' title="bbox 304 3503 1384 3586; baseline 0.001 -21"><span class='ocrx_word' id='word_1_297' title='bbox 304 3504 384 3566; x_wconf 89' lang='lat' dir='ltr'><strong>illud</strong></span> <span class='ocrx_word' id='word_1_298' title='bbox 411 3521 536 3584; x_wconf 90' lang='lat' dir='ltr'><strong>quoque</strong></span> <span class='ocrx_word' id='word_1_299' title='bbox 565 3505 733 3568; x_wconf 86' lang='lat' dir='ltr'><strong>collatione</strong></span> <span class='ocrx_word' id='word_1_300' title='bbox 760 3506 936 3586; x_wconf 79' lang='lat' dir='ltr'><strong>mutua12)</strong></span> <span class='ocrx_word' id='word_1_301' title='bbox 955 3504 1189 3572; x_wconf 86' lang='lat' dir='ltr'><strong>decernendum</strong></span> <span class='ocrx_word' id='word_1_302' title='bbox 1211 3503 1303 3568; x_wconf 90' lang='lat' dir='ltr'><strong>nobis</strong></span> <span class='ocrx_word' id='word_1_303' title='bbox 1324 3523 1384 3566; x_wconf 92' lang='lat' dir='ltr'><strong>oc-</strong></span> 
     </span>
    </p>

    <p class='ocr_par' dir='ltr' id='par_1_5' title="bbox 188 3587 1384 4101">
     <span class='ocr_line' id='line_1_36' title="bbox 188 3587 1384 3674; baseline 0 -23"><span class='ocrx_word' id='word_1_304' title='bbox 188 3659 189 3666; x_wconf 15' lang='lat'><em>*</em></span> <span class='ocrx_word' id='word_1_305' title='bbox 218 3589 332 3669; x_wconf 87' lang='lat' dir='ltr'><strong>currit,</strong></span> <span class='ocrx_word' id='word_1_306' title='bbox 363 3587 447 3670; x_wconf 91' lang='lat' dir='ltr'><strong>quod</strong></span> <span class='ocrx_word' id='word_1_307' title='bbox 474 3591 506 3650; x_wconf 91' lang='lat' dir='ltr'><strong>in</strong></span> <span class='ocrx_word' id='word_1_308' title='bbox 535 3589 723 3670; x_wconf 87' lang='lat' dir='ltr'><strong>quibusdam</strong></span> <span class='ocrx_word' id='word_1_309' title='bbox 750 3592 934 3656; x_wconf 86' lang='lat' dir='ltr'><strong>civitatibus</strong></span> <span class='ocrx_word' id='word_1_310' title='bbox 961 3593 1191 3658; x_wconf 88' lang='lat' dir='ltr'><strong>decedentibus</strong></span> <span class='ocrx_word' id='word_1_311' title='bbox 1221 3591 1384 3674; x_wconf 85' lang='lat' dir='ltr'><strong>episcopis</strong></span> 
     </span>
     <span class='ocr_line' id='line_1_37' title="bbox 216 3671 1383 3758; baseline -0.002 -22"><span class='ocrx_word' id='word_1_312' title='bbox 216 3675 363 3758; x_wconf 74' lang='lat' dir='ltr'><strong>propriis,</strong></span> <span class='ocrx_word' id='word_1_313' title='bbox 393 3671 465 3736; x_wconf 91' lang='lat' dir='ltr'><strong>dum</strong></span> <span class='ocrx_word' id='word_1_314' title='bbox 493 3673 635 3738; x_wconf 84' lang='lat' dir='ltr'><strong>differtur</strong></span> <span class='ocrx_word' id='word_1_315' title='bbox 661 3676 714 3738; x_wconf 90' lang='lat' dir='ltr'><strong>diu</strong></span> <span class='ocrx_word' id='word_1_316' title='bbox 742 3676 895 3740; x_wconf 86' lang='lat' dir='ltr'><strong>ordinatio</strong></span> <span class='ocrx_word' id='word_1_317' title='bbox 922 3680 1139 3758; x_wconf 88' lang='lat' dir='ltr'><strong>successoris,</strong></span> <span class='ocrx_word' id='word_1_318' title='bbox 1171 3695 1235 3744; x_wconf 87' lang='lat' dir='ltr'><strong>non</strong></span> <span class='ocrx_word' id='word_1_319' title='bbox 1257 3677 1383 3738; x_wconf 88' lang='lat' dir='ltr'><strong>minima</strong></span> 
     </span>
     <span class='ocr_line' id='line_1_38' title="bbox 217 3757 1377 3846; baseline -0.004 -23"><span class='ocrx_word' id='word_1_320' title='bbox 217 3769 343 3824; x_wconf 85' lang='lat' dir='ltr'><strong>creatur</strong></span> <span class='ocrx_word' id='word_1_321' title='bbox 372 3769 406 3822; x_wconf 87' lang='lat' dir='ltr'><strong>ct</strong></span> <span class='ocrx_word' id='word_1_322' title='bbox 436 3758 607 3823; x_wconf 79' lang='lat' dir='ltr'><strong>officiomm</strong></span> <span class='ocrx_word' id='word_1_323' title='bbox 635 3761 808 3824; x_wconf 90' lang='lat' dir='ltr'><strong>divinorum</strong></span> <span class='ocrx_word' id='word_1_324' title='bbox 838 3757 997 3846; x_wconf 83' lang='lat' dir='ltr'><strong>offensio,</strong></span> <span class='ocrx_word' id='word_1_325' title='bbox 1031 3773 1065 3828; x_wconf 90' lang='lat' dir='ltr'><strong>et</strong></span> <span class='ocrx_word' id='word_1_326' title='bbox 1092 3762 1377 3826; x_wconf 88' lang='lat' dir='ltr'><strong>ecclesiasticarum</strong></span> 
     </span>
     <span class='ocr_line' id='line_1_39' title="bbox 215 3845 1375 3933; baseline -0.005 -25"><span class='ocrx_word' id='word_1_327' title='bbox 215 3865 318 3908; x_wconf 86' lang='lat' dir='ltr'><strong>rerum</strong></span> <span class='ocrx_word' id='word_1_328' title='bbox 332 3848 491 3909; x_wconf 83' lang='lat' dir='ltr'><strong>nocitura¹</strong></span> <span class='ocrx_word' id='word_1_329' title='bbox 500 3845 535 3924; x_wconf 70' lang='grc'><strong>3)</strong></span> <span class='ocrx_word' id='word_1_330' title='bbox 547 3847 692 3927; x_wconf 88' lang='lat' dir='ltr'><strong>perditio.</strong></span> <span class='ocrx_word' id='word_1_331' title='bbox 713 3848 797 3910; x_wconf 90' lang='lat' dir='ltr'><strong>Nam</strong></span> <span class='ocrx_word' id='word_1_332' title='bbox 812 3847 885 3910; x_wconf 89' lang='lat' dir='ltr'><strong>dum</strong></span> <span class='ocrx_word' id='word_1_333' title='bbox 898 3850 993 3933; x_wconf 81' lang='lat' dir='ltr'><strong>louge</strong></span> <span class='ocrx_word' id='word_1_334' title='bbox 1007 3851 1135 3930; x_wconf 85' lang='lat' dir='ltr'><strong>lateque</strong></span> <span class='ocrx_word' id='word_1_335' title='bbox 1150 3845 1267 3910; x_wconf 86' lang='lat' dir='ltr'><strong>diffuso</strong></span> <span class='ocrx_word' id='word_1_336' title='bbox 1277 3851 1375 3908; x_wconf 87' lang='lat' dir='ltr'><strong>tractu</strong></span> 
     </span>
     <span class='ocr_line' id='line_1_40' title="bbox 216 3931 1379 4013; baseline -0.003 -22"><span class='ocrx_word' id='word_1_337' title='bbox 216 3939 371 4002; x_wconf 76' lang='lat' dir='ltr'><strong>terrarum</strong></span> <span class='ocrx_word' id='word_1_338' title='bbox 392 3934 633 3995; x_wconf 90' lang='lat' dir='ltr'><strong>commeantium</strong></span> <span class='ocrx_word' id='word_1_339' title='bbox 649 3931 704 4011; x_wconf 77' lang='grc' dir='ltr'><strong>Ν)</strong></span> <span class='ocrx_word' id='word_1_340' title='bbox 732 3933 898 4012; x_wconf 89' lang='lat' dir='ltr'><strong>impeditur</strong></span> <span class='ocrx_word' id='word_1_341' title='bbox 927 3936 1075 3997; x_wconf 85' lang='lat' dir='ltr'><strong>celeritas</strong></span> <span class='ocrx_word' id='word_1_342' title='bbox 1095 3933 1292 4013; x_wconf 90' lang='lat' dir='ltr'><strong>nuntiorum,</strong></span> <span class='ocrx_word' id='word_1_343' title='bbox 1315 3946 1379 4010; x_wconf 88' lang='lat' dir='ltr'><strong>quo</strong></span> 
     </span>
     <span class='ocr_line' id='line_1_41' title="bbox 217 4015 1384 4101; baseline -0.004 -21"><span class='ocrx_word' id='word_1_344' title='bbox 217 4024 273 4080; x_wconf 82' lang='lat' dir='ltr'><strong>aut</strong></span> <span class='ocrx_word' id='word_1_345' title='bbox 293 4035 355 4078; x_wconf 90' lang='lat' dir='ltr'><strong>non</strong></span> <span class='ocrx_word' id='word_1_346' title='bbox 374 4024 471 4098; x_wconf 88' lang='lat' dir='ltr'><strong>queat</strong></span> <span class='ocrx_word' id='word_1_347' title='bbox 489 4017 587 4100; x_wconf 84' lang='lat' dir='ltr'><strong>regiis</strong></span> <span class='ocrx_word' id='word_1_348' title='bbox 601 4015 657 4096; x_wconf 65' lang='grc' dir='ltr'><strong>ιδ)</strong></span> <span class='ocrx_word' id='word_1_349' title='bbox 673 4017 831 4100; x_wconf 84' lang='lat' dir='ltr'><strong>auditibus</strong></span> <span class='ocrx_word' id='word_1_350' title='bbox 849 4017 1035 4084; x_wconf 88' lang='lat' dir='ltr'><strong>decedentis</strong></span> <span class='ocrx_word' id='word_1_351' title='bbox 1051 4017 1206 4101; x_wconf 77' lang='lat' dir='ltr'><strong>praesulis</strong></span> <span class='ocrx_word' id='word_1_352' title='bbox 1229 4017 1384 4080; x_wconf 91' lang='lat' dir='ltr'><strong>transitus</strong></span> 
     </span>
    </p>
   </div>
   <div class='ocr_carea' id='block_1_5' title="bbox 240 4231 1389 4724">
    <p class='ocr_par' dir='ltr' id='par_1_6' title="bbox 240 4231 1389 4724">
     <span class='ocr_line' id='line_1_42' title="bbox 260 4231 1386 4308; baseline -0.025 3"><span class='ocrx_word' id='word_1_353' title='bbox 260 4231 288 4298; x_wconf 61' lang='grc' dir='ltr'><strong>Ι)</strong></span> <span class='ocrx_word' id='word_1_354' title='bbox 306 4233 333 4283; x_wconf 53' lang='lat'><strong>&#39;⁷&#39;</strong></span> <span class='ocrx_word' id='word_1_355' title='bbox 348 4234 407 4283; x_wconf 53' lang='grc' dir='ltr'><strong>’ΜΡ</strong></span> <span class='ocrx_word' id='word_1_356' title='bbox 424 4237 479 4287; x_wconf 62' lang='lat'><strong>‘&#39;¹²⁸‘’</strong></span> <span class='ocrx_word' id='word_1_357' title='bbox 495 4237 532 4289; x_wconf 79' lang='grc' dir='ltr'><strong>Μ·</strong></span> <span class='ocrx_word' id='word_1_358' title='bbox 549 4267 584 4278; x_wconf 91' lang='grc'><strong>··</strong></span> <span class='ocrx_word' id='word_1_359' title='bbox 619 4234 650 4304; x_wconf 77' lang='lat'><strong>²)</strong></span> <span class='ocrx_word' id='word_1_360' title='bbox 666 4250 792 4302; x_wconf 62' lang='lat' dir='ltr'><strong>immitit!</strong></span> <span class='ocrx_word' id='word_1_361' title='bbox 808 4235 836 4288; x_wconf 82' lang='grc' dir='ltr'><strong>ἱῐι</strong></span> <span class='ocrx_word' id='word_1_362' title='bbox 848 4253 883 4288; x_wconf 88' lang='lat' dir='ltr'><strong>nr.</strong></span> <span class='ocrx_word' id='word_1_363' title='bbox 896 4237 932 4289; x_wconf 87' lang='grc' dir='ltr'><strong>Μ.</strong></span> <span class='ocrx_word' id='word_1_364' title='bbox 952 4265 988 4278; x_wconf 87' lang='lat'><strong>·—</strong></span> <span class='ocrx_word' id='word_1_365' title='bbox 1023 4240 1054 4308; x_wconf 77' lang='lat'><strong>⁸)</strong></span> <span class='ocrx_word' id='word_1_366' title='bbox 1073 4245 1181 4290; x_wconf 73' lang='lat' dir='ltr'><strong>mantne</strong></span> <span class='ocrx_word' id='word_1_367' title='bbox 1197 4237 1278 4306; x_wconf 66' lang='lat' dir='ltr'><strong>premi</strong></span> <span class='ocrx_word' id='word_1_368' title='bbox 1300 4232 1386 4286; x_wconf 89' lang='lat' dir='ltr'><strong>Hard.</strong></span> 
     </span>
     <span class='ocr_line' id='line_1_43' title="bbox 257 4302 1387 4376; baseline -0.01 -12"><span class='ocrx_word' id='word_1_369' title='bbox 257 4303 288 4372; x_wconf 79' lang='lat'><strong>⁴)</strong></span> <span class='ocrx_word' id='word_1_370' title='bbox 307 4302 410 4355; x_wconf 66' lang='lat' dir='ltr'><strong>dvlwrt&#39;t</strong></span> <span class='ocrx_word' id='word_1_371' title='bbox 427 4305 455 4356; x_wconf 85' lang='lat' dir='ltr'><strong>in</strong></span> <span class='ocrx_word' id='word_1_372' title='bbox 473 4325 506 4358; x_wconf 89' lang='lat' dir='ltr'><strong>m.</strong></span> <span class='ocrx_word' id='word_1_373' title='bbox 524 4308 561 4360; x_wconf 88' lang='lat' dir='ltr'><strong>M.</strong></span> <span class='ocrx_word' id='word_1_374' title='bbox 596 4333 632 4347; x_wconf 89' lang='lat'><strong>--</strong></span> <span class='ocrx_word' id='word_1_375' title='bbox 668 4305 697 4371; x_wconf 64' lang='grc' dir='ltr'><strong>ὅ)</strong></span> <span class='ocrx_word' id='word_1_376' title='bbox 713 4308 848 4358; x_wconf 75' lang='lat' dir='ltr'><strong>uiderentur·</strong></span> <span class='ocrx_word' id='word_1_377' title='bbox 864 4308 910 4358; x_wconf 81' lang='lat' dir='ltr'><strong>deo</strong></span> <span class='ocrx_word' id='word_1_378' title='bbox 927 4309 964 4360; x_wconf 88' lang='grc' dir='ltr'><strong>Μ.</strong></span> <span class='ocrx_word' id='word_1_379' title='bbox 1006 4333 1035 4348; x_wconf 86' lang='lat'><strong>···</strong></span> <span class='ocrx_word' id='word_1_380' title='bbox 1081 4304 1387 4376; x_wconf 66' lang='lat' dir='ltr'><strong>‘incommunicatum</strong></span> 
     </span>
     <span class='ocr_line' id='line_1_44' title="bbox 278 4373 1388 4445; baseline -0.009 -14"><span class='ocrx_word' id='word_1_381' title='bbox 278 4376 328 4426; x_wconf 76' lang='lat'>&#39;1¹1·</span> <span class='ocrx_word' id='word_1_382' title='bbox 346 4373 381 4424; x_wconf 87' lang='lat' dir='ltr'><strong>M·</strong></span> <span class='ocrx_word' id='word_1_383' title='bbox 425 4403 461 4414; x_wconf 94' lang='lat'><em>—</em></span> <span class='ocrx_word' id='word_1_384' title='bbox 507 4378 536 4442; x_wconf 62' lang='grc' dir='ltr'><strong>ἱ)</strong></span> <span class='ocrx_word' id='word_1_385' title='bbox 553 4375 707 4442; x_wconf 65' lang='lat' dir='ltr'><strong>crispandum</strong></span> <span class='ocrx_word' id='word_1_386' title='bbox 725 4377 762 4428; x_wconf 84' lang='lat' dir='ltr'><strong>M.</strong></span> <span class='ocrx_word' id='word_1_387' title='bbox 805 4405 842 4416; x_wconf 85' lang='grc'>-</span> <span class='ocrx_word' id='word_1_388' title='bbox 889 4377 919 4445; x_wconf 74' lang='grc' dir='ltr'><strong>Ι)</strong></span> <span class='ocrx_word' id='word_1_389' title='bbox 935 4385 1036 4430; x_wconf 71' lang='lat' dir='ltr'><strong>manat</strong></span> <span class='ocrx_word' id='word_1_390' title='bbox 1053 4377 1091 4428; x_wconf 91' lang='grc' dir='ltr'><strong>Μ.</strong></span> <span class='ocrx_word' id='word_1_391' title='bbox 1132 4403 1168 4418; x_wconf 86' lang='lat'><em>-</em></span> <span class='ocrx_word' id='word_1_392' title='bbox 1217 4376 1247 4445; x_wconf 69' lang='grc' dir='ltr'><strong>θ)</strong></span> <span class='ocrx_word' id='word_1_393' title='bbox 1264 4390 1328 4426; x_wconf 73' lang='lat' dir='ltr'><strong>retas</strong></span> <span class='ocrx_word' id='word_1_394' title='bbox 1346 4373 1388 4423; x_wconf 85' lang='lat' dir='ltr'><strong>illi</strong></span> 
     </span>
     <span class='ocr_line' id='line_1_45' title="bbox 293 4444 1388 4515; baseline -0.002 -22"><span class='ocrx_word' id='word_1_395' title='bbox 293 4457 352 4494; x_wconf 75' lang='lat' dir='ltr'><strong>uero</strong></span> <span class='ocrx_word' id='word_1_396' title='bbox 378 4449 402 4495; x_wconf 86' lang='lat' dir='ltr'><strong>ct</strong></span> <span class='ocrx_word' id='word_1_397' title='bbox 424 4446 551 4511; x_wconf 61' lang='lat' dir='ltr'><strong>singulari</strong></span> <span class='ocrx_word' id='word_1_398' title='bbox 571 4445 698 4508; x_wconf 73' lang='lat' dir='ltr'><strong>sacrificiu</strong></span> <span class='ocrx_word' id='word_1_399' title='bbox 719 4446 928 4513; x_wconf 79' lang='lat' dir='ltr'><strong>participandum</strong></span> <span class='ocrx_word' id='word_1_400' title='bbox 951 4448 1050 4514; x_wconf 75' lang='lat' dir='ltr'><strong>quoties</strong></span> <span class='ocrx_word' id='word_1_401' title='bbox 1069 4448 1186 4515; x_wconf 71' lang='lat' dir='ltr'><strong>oorpnmr</strong></span> <span class='ocrx_word' id='word_1_402' title='bbox 1208 4451 1232 4496; x_wconf 80' lang='lat' dir='ltr'><strong>ct</strong></span> <span class='ocrx_word' id='word_1_403' title='bbox 1248 4444 1388 4509; x_wconf 78' lang='lat' dir='ltr'><strong>armpninir</strong></span> 
     </span>
     <span class='ocr_line' id='line_1_46' title="bbox 292 4513 1388 4582; baseline -0.005 -14"><span class='ocrx_word' id='word_1_404' title='bbox 292 4513 318 4563; x_wconf 76' lang='lat' dir='ltr'><strong>d·</strong></span> <span class='ocrx_word' id='word_1_405' title='bbox 335 4529 361 4564; x_wconf 83' lang='lat' dir='ltr'><strong>n·</strong></span> <span class='ocrx_word' id='word_1_406' title='bbox 378 4515 407 4562; x_wconf 80' lang='lat' dir='ltr'><strong>J·</strong></span> <span class='ocrx_word' id='word_1_407' title='bbox 428 4515 457 4566; x_wconf 79' lang='lat'><strong>0.</strong></span> <span class='ocrx_word' id='word_1_408' title='bbox 477 4515 619 4566; x_wconf 79' lang='lat' dir='ltr'><strong>immolatio</strong></span> <span class='ocrx_word' id='word_1_409' title='bbox 636 4517 707 4582; x_wconf 63' lang='lat' dir='ltr'><strong>incia</strong></span> <span class='ocrx_word' id='word_1_410' title='bbox 724 4517 869 4568; x_wconf 81' lang='lat' dir='ltr'><strong>constiterit</strong></span> <span class='ocrx_word' id='word_1_411' title='bbox 885 4516 913 4567; x_wconf 90' lang='lat' dir='ltr'><strong>in</strong></span> <span class='ocrx_word' id='word_1_412' title='bbox 931 4533 965 4568; x_wconf 89' lang='lat' dir='ltr'><strong>m.</strong></span> <span class='ocrx_word' id='word_1_413' title='bbox 982 4517 1021 4568; x_wconf 82' lang='lat' dir='ltr'><strong>ll.</strong></span> <span class='ocrx_word' id='word_1_414' title='bbox 1048 4545 1084 4556; x_wconf 89' lang='lat'><em>-</em></span> <span class='ocrx_word' id='word_1_415' title='bbox 1115 4513 1164 4582; x_wconf 80' lang='grc' dir='ltr'><strong>ιο)</strong></span> <span class='ocrx_word' id='word_1_416' title='bbox 1183 4513 1331 4576; x_wconf 87' lang='lat' dir='ltr'><strong>lCor·10,</strong></span> <span class='ocrx_word' id='word_1_417' title='bbox 1346 4513 1388 4564; x_wconf 89' lang='lat'><strong>18.</strong></span> 
     </span>
     <span class='ocr_line' id='line_1_47' title="bbox 240 4582 1388 4654; baseline -0.003 -20"><span class='ocrx_word' id='word_1_418' title='bbox 240 4582 289 4646; x_wconf 80' lang='lat' dir='ltr'><strong>ll&gt;</strong></span> <span class='ocrx_word' id='word_1_419' title='bbox 305 4584 477 4650; x_wconf 74' lang='lat' dir='ltr'><strong>perceptionis</strong></span> <span class='ocrx_word' id='word_1_420' title='bbox 493 4587 521 4636; x_wconf 89' lang='lat' dir='ltr'><strong>in</strong></span> <span class='ocrx_word' id='word_1_421' title='bbox 540 4601 574 4636; x_wconf 84' lang='lat' dir='ltr'><strong>m.</strong></span> <span class='ocrx_word' id='word_1_422' title='bbox 592 4585 629 4638; x_wconf 78' lang='lat' dir='ltr'><strong>M.</strong></span> <span class='ocrx_word' id='word_1_423' title='bbox 650 4613 685 4624; x_wconf 91' lang='lat'><strong>—-</strong></span> <span class='ocrx_word' id='word_1_424' title='bbox 720 4586 770 4651; x_wconf 83' lang='lat'><strong>¹²)</strong></span> <span class='ocrx_word' id='word_1_425' title='bbox 788 4585 921 4637; x_wconf 80' lang='lat' dir='ltr'><strong>collationi</strong></span> <span class='ocrx_word' id='word_1_426' title='bbox 938 4593 1040 4636; x_wconf 71' lang='lat' dir='ltr'><strong>mantuus</strong></span> <span class='ocrx_word' id='word_1_427' title='bbox 1057 4586 1095 4637; x_wconf 89' lang='grc' dir='ltr'><strong>Μ.</strong></span> <span class='ocrx_word' id='word_1_428' title='bbox 1124 4613 1159 4626; x_wconf 88' lang='lat'>-</span> <span class='ocrx_word' id='word_1_429' title='bbox 1199 4585 1388 4654; x_wconf 77' lang='lat' dir='ltr'><strong>1⁸)noscr&#39;tar</strong></span> 
     </span>
     <span class='ocr_line' id='line_1_48' title="bbox 294 4650 1389 4724; baseline -0.004 -20"><span class='ocrx_word' id='word_1_430' title='bbox 294 4650 320 4703; x_wconf 93' lang='lat' dir='ltr'><strong>in</strong></span> <span class='ocrx_word' id='word_1_431' title='bbox 340 4658 367 4718; x_wconf 77' lang='lat' dir='ltr'><strong>t,</strong></span> <span class='ocrx_word' id='word_1_432' title='bbox 386 4656 501 4706; x_wconf 77' lang='lat' dir='ltr'><strong>adoritur</strong></span> <span class='ocrx_word' id='word_1_433' title='bbox 518 4655 546 4708; x_wconf 92' lang='lat' dir='ltr'><strong>in</strong></span> <span class='ocrx_word' id='word_1_434' title='bbox 566 4669 598 4708; x_wconf 85' lang='lat' dir='ltr'><strong>nr.</strong></span> <span class='ocrx_word' id='word_1_435' title='bbox 616 4653 652 4706; x_wconf 83' lang='grc' dir='ltr'><strong>Μ.</strong></span> <span class='ocrx_word' id='word_1_436' title='bbox 671 4683 705 4694; x_wconf 88' lang='grc'><strong>-</strong></span> <span class='ocrx_word' id='word_1_437' title='bbox 742 4655 792 4724; x_wconf 74' lang='grc' dir='ltr'><strong>Ν)</strong></span> <span class='ocrx_word' id='word_1_438' title='bbox 810 4661 963 4708; x_wconf 71' lang='lat' dir='ltr'><strong>contincatur</strong></span> <span class='ocrx_word' id='word_1_439' title='bbox 978 4655 1006 4707; x_wconf 90' lang='lat' dir='ltr'><strong>in</strong></span> <span class='ocrx_word' id='word_1_440' title='bbox 1024 4671 1060 4709; x_wconf 86' lang='lat' dir='ltr'><strong>m.</strong></span> <span class='ocrx_word' id='word_1_441' title='bbox 1078 4655 1114 4706; x_wconf 87' lang='grc' dir='ltr'><strong>Μ.</strong></span> <span class='ocrx_word' id='word_1_442' title='bbox 1134 4683 1168 4696; x_wconf 92' lang='lat'><em>-</em></span> <span class='ocrx_word' id='word_1_443' title='bbox 1192 4652 1241 4720; x_wconf 71' lang='grc' dir='ltr'><strong>Ν)</strong></span> <span class='ocrx_word' id='word_1_444' title='bbox 1259 4652 1332 4718; x_wconf 77' lang='lat' dir='ltr'><strong>repis</strong></span> <span class='ocrx_word' id='word_1_445' title='bbox 1352 4651 1389 4702; x_wconf 89' lang='grc' dir='ltr'><strong>Μ.</strong></span> 
     </span>
    </p>
   </div>
   <div class='ocr_carea' id='block_1_6' title="bbox 0 0 1444 5050">
    <p class='ocr_par' dir='ltr' id='par_1_7' title="bbox 0 0 1444 5050">
     <span class='ocr_line' id='line_1_49' title="bbox 0 0 1444 5050; baseline 0 2"><span class='ocrx_word' id='word_1_446' title='bbox 0 0 1444 5050; x_wconf 95' lang='lat' dir='ltr'><strong> </strong></span> 
     </span>
    </p>
   </div>
  </div>
 </body>
</html>
