2880 5050
209 259 277 330 ³82
459 259 700 330 concutitis
724 259 996 328 rotumum
1014 261 1116 330 xvu.

212 431 273 531 llis
298 429 405 531 ltaque
430 435 468 494 ot
494 429 589 498 moris
615 438 668 496 aot
693 431 776 496 aotls
796 437 913 495 tomum
933 447 1027 497 maon
1047 431 1173 514 propria
1193 429 1308 496 nobis
1334 433 1393 494 ob-

210 517 663 681 turtffipensimmimum
690 617 730 664 ac
755 599 1047 664 reverendissimum
1069 601 1238 664 ecclesiae
1262 601 1392 666 catho-

210 686 293 750 licae
321 683 519 747 sacerdotale
547 683 714 766 collegium
743 693 777 747 et
804 681 899 746 divini
927 686 1031 746 cultus
1051 684 1240 748 honorabile
1265 706 1388 750 saecr—
1415 673 1417 830 Ι

212 766 339 850 dotium,
368 786 427 830 scu
447 765 543 830 etiam
563 786 624 830 vos
651 769 770 832 illustre
798 769 888 831 aulae
915 766 1023 850 regiae
1049 768 1217 833 decusso
1246 770 1386 854 magni-

210 854 339 918 socrum
354 854 489 916 virorum
503 869 688 915 numerosus
702 861 877 916 conventus
892 871 973 934 quos
986 849 1059 916 huic
1073 855 1256 918 honorabili
1272 855 1382 920 coetui
1415 863 1417 938 l

210 948 319 1004 aoatra
338 937 495 1002 iuteresse
520 936 675 1000 celsitudo
700 939 880 1020 praecepit,
908 935 982 1018 quia
1002 939 1081 1000 satis
1100 940 1237 1022 longum
1264 951 1324 1004 est
1343 959 1378 1002 ea
1416 943 1417 980 l

211 1043 295 1106 quae
321 1024 412 1104 regni
440 1019 538 1084 nostri
559 1019 744 1086 utilitatibus
766 1040 825 1084 sou
846 1025 936 1104 genti
956 1032 990 1084 et
1010 1021 1131 1103 patriae
1152 1035 1298 1089 nostrae
1322 1045 1381 1088 ne-

211 1105 353 1173 cessaria
381 1115 456 1170 sunt
480 1107 573 1168 vobis
598 1107 711 1188 proprii
738 1105 801 1170 oris
825 1109 924 1170 nostri
952 1109 1084 1188 alloquio
1105 1127 1282 1190 comare,
1305 1111 1377 1172 ideo
1415 1059 1417 1190 i

210 1193 295 1256 bunc
324 1201 462 1271 tornum,
493 1189 566 1272 quia
588 1192 738 1256 universa
765 1212 848 1273 quae
868 1201 976 1255 nostra
995 1193 1208 1257 mansuetudo
1232 1196 1281 1258 ad
1302 1216 1378 1278 per·
1416 1193 1417 1238 l

210 1275 369 1360 agendum
388 1276 507 1338 vestris
526 1277 673 1339 sensibus
693 1277 803 1340 debuit
821 1275 963 1340 intimare
977 1276 1173 1360 dignoscitur
1194 1281 1374 1360 continere,
1416 1253 1417 1314 i

211 1360 380 1440 contrado,
405 1361 603 1442 praecipiens
629 1362 743 1442 pariter
770 1369 805 1425 et
830 1363 1001 1428 exhortans
1023 1381 1083 1424 vor
1108 1383 1166 1444 per
1195 1385 1295 1448 eum,
1321 1365 1372 1445 qui

210 1445 309 1510 dixit:
346 1445 537 1529 Ubicmoquc
557 1448 685 1525 suerint
712 1449 775 1510 duo
803 1447 855 1508 col
879 1455 944 1510 tres
970 1452 1159 1530 congregato·
1179 1451 1220 1511 r'n
1243 1453 1366 1513 nomme

209 1552 279 1596 mco
300 1537 334 1594 ct
355 1549 414 1614 ogo
435 1551 489 1593 ero
510 1533 546 1592 r'o
566 1533 671 1594 modio
691 1531 863 1614 aorem1);
892 1532 966 1613 quia
992 1551 1032 1594 ea
1059 1551 1140 1612 quae
1168 1542 1284 1599 tomus
1304 1535 1364 1598 iste

210 1618 353 1682 continet
372 1617 426 1678 vel
453 1617 515 1678 alia
543 1633 626 1698 quac
650 1616 692 1678 ad
720 1618 970 1680 ecclesiasticam
991 1616 1185 1698 disciplinam
1209 1619 1370 1701 pertinent
1416 1623 1417 1628 ’

210 1721 269 1766 seu
299 1700 491 1766 diversarum
524 1701 690 1764 causo‘rum
723 1703 852 1784 negotia
880 1719 961 1783 quae
990 1721 1028 1765 se
1056 1705 1233 1767 venerabili
1263 1707 1371 1769 coetui

209 1796 319 1850 vestro
351 1787 541 1870 ingesserint
573 1786 728 1850 audienda
761 1788 853 1870 gravi
881 1805 920 1852 ao
947 1795 1101 1850 maturato
1128 1791 1267 1852 consilio
1297 1811 1372 1872 per-

209 1869 355 1936 tractetis
381 1880 477 1953 atque
501 1867 687 1952 judiciorum
706 1881 883 1935 vestrorum
909 1871 1023 1936 edictis
1046 1871 1228 1953 justissime
1250 1895 1296 1940 ac
1317 1877 1370 1939 lir-

208 1958 349 2022 nissime
368 1955 552 2019 terminetis.

295 2040 367 2118 Qua
399 2041 483 2104 sacri
510 2039 573 2102 oris
599 2036 649 2102 sui
678 2036 818 2102 oratione
844 2038 934 2102 linita
960 2059 981 2102 e
1005 2039 1108 2104 medio
1135 2043 1238 2104 nostri
1266 2043 1368 2106 benc-

210 2123 346 2190 dictione
377 2131 528 2206 peroapta
556 2122 723 2187 abscessit.
767 2125 857 2185 Tunc
877 2127 1091 2207 unusquisque
1111 2135 1293 2190 nostrorum
1317 2147 1367 2191 re-

209 2209 317 2272 sidens
338 2227 396 2272 suo
418 2209 449 2269 in
470 2209 551 2290 loco,
570 2216 688 2270 tomum
708 2209 811 2289 ipsum
832 2211 962 2272 reserari
982 2212 1210 2292 praecepimus,
1224 2221 1262 2274 et
1282 2233 1366 2296 quae

208 2295 390 2358 necessaria
411 2301 500 2357 eraut
521 2294 640 2357 alterna
660 2294 827 2357 collatione
848 2304 1039 2375 pertractare
1061 2297 1251 2360 curavimus.

293 2464 329 2524 ln
356 2464 479 2526 nomina
506 2461 627 2525 domini.
639 2458 771 2524 Flavius
790 2461 894 2545 Egica
914 2481 970 2525 rex
991 2465 1199 2526 sanctissimis
1219 2465 1366 2545 patribus

208 2549 240 2610 in
260 2549 322 2611 hac
343 2559 456 2612 sancta
477 2547 598 2630 synodo
620 2547 837 2610 residentibus.
868 2545 938 2624 Quo
956 2551 1070 2610 mentis
1087 2549 1195 2611 ardore
1213 2551 1364 2630 quantis-

137 2687 143 2692 .
208 2651 269 2714 que
296 2633 418 2695 facibus
442 2634 623 2694 serenitatis
648 2641 775 2694 nostrae
801 2631 974 2695 sublimitas
994 2632 1155 2714 religionis
1175 2643 1313 2696 sanctae
1329 2635 1363 2713 ²)

208 2735 312 2778 amore
338 2735 494 2780 succensa
521 2725 664 2798 aestuet,
693 2735 754 2780 nec
781 2716 946 2782 verborum
971 2716 1090 2798 prolixa
1110 2727 1217 2799 potest
1237 2722 1362 2782 ratione

207 2799 347 2880 depromi
367 2821 428 2864 neo
449 2798 606 2864 literarum
625 2799 769 2881 apicibus
789 2802 945 2883 annotari3
964 2803 1038 2884 quio
1057 2803 1258 2884 inquantum
1280 2803 1361 2866 fides

208 2883 387 2948 Christiana
412 2887 615 2966 spiritualium
637 2887 787 2948 virtutum
813 2887 927 2948 lumine
952 2886 1101 2948 ineffabili
1126 2889 1359 2968 comparatione

206 2980 377 3051 coruscat,
411 2979 534 3033 tautum
568 2989 684 3034 sensus
716 2973 815 3040 nostri
843 2971 983 3036 brevitas
1010 2972 1144 3034 necdum
1168 2974 1259 3036 valet
1291 2973 1359 3054 ejus

207 3076 349 3122 enarrare
380 3058 539 3139 mysteria.
601 3055 647 3116 At
678 3076 763 3119 nunc
792 3075 978 3138 quamquam
1009 3057 1228 3136 profunditatis
1258 3059 1359 3140 ipsius

206 3141 357 3223 abyssum
375 3158 571 3238 pequeamus
592 3139 788 3222 pertingere„
816 3159 933 3222 magna
958 3151 1064 3204 tamen
1083 3141 1210 3204 devotio
1226 3141 1261 3220 ³)
1289 3143 1358 3205 cle-

205 3228 342 3289 mentiae
363 3231 490 3290 nostrae
511 3225 631 3288 arrimos
652 3225 692 3288 ad
713 3227 937 3288 exhortandam
956 3235 1096 3288 vestram
1117 3227 1356 3290 sanctitudinem

205 3321 397 3392 cognoscat,
420 3312 551 3392 qualiter
571 3329 632 3372 vos
653 3312 685 3371 in
705 3311 901 3373 locosancto
921 3310 1043 3394 synodo
1064 3313 1241 3374 residentes
1260 3309 1355 3392 inpri-

205 3396 267 3456 mis
287 3396 328 3460 da
349 3394 418 3476 ejus
439 3396 588 3479 mysterio
617 3393 730 3457 edictis
750 3394 960 3476 spiritualibus
981 3393 1148 3478 disputetis
1170 3406 1204 3460 et
1224 3406 1354 3477 aposto·

205 3476 263 3541 lloi·
274 3479 374 3542 vestri
390 3479 505 3542 ordinis
522 3478 708 3562 dogmata⁴)
724 3479 938 3562 promulgetis,
957 3497 1018 3562 quo
1034 3479 1170 3543 fidelium
1191 3479 1284 3544 corda
1301 3479 1349 3540 in-

206 3565 404 3644 comparabili
423 3565 526 3628 sidere
555 3566 741 3647 perlustrata
762 3565 930 3628 infidelium
949 3581 1073 3646 quoque
1093 3575 1223 3648 pectora
1244 3567 1353 3628 mantis

205 3651 368 3732 gressibus
390 3668 409 3714 a
430 3650 566 3714 tenebris
587 3649 628 3710 ad
648 3649 751 3712 lumen
773 3667 929 3712 conversa
949 3658 1176 3732 pertranseant.
1216 3653 1277 3714 Pro
1297 3671 1352 3711 ne·

205 3735 309 3797 illudis
339 3735 473 3816 denique
501 3733 636 3800 dudaeis
662 3735 743 3796 intra
757 3733 790 3812 ⁵)
818 3734 898 3796 fines
927 3736 1017 3816 regni
1042 3735 1140 3798 nostri
1166 3736 1351 3818 degentibus

204 3821 251 3881 ita
270 3819 506 3910 praemittimus,
529 3817 612 3900 quod
633 3819 728 3880 etiam
750 3819 871 3900 absquo
892 3835 954 3880 nou
975 3819 1099 3883 minimo
1120 3841 1262 3883 moerore
1280 3840 1351 3902 pro-

205 3901 353 3985 terimus,
382 3907 435 3986 qui
455 3905 494 3966 ab
516 3905 601 3986 initio
622 3905 811 3986 propriorum
831 3906 945 3965 rituum
967 3920 1068 3966 errore
1090 3903 1219 3988 decepti
1239 3905 1350 3970 Christi

204 4007 318 4056 nomen
346 3988 516 4052 incredibili
544 3987 700 4068 pravitate
729 3996 951 4072 negaverunt,
986 3989 1174 4071 nefariisque
1202 3992 1350 4054 hactenus

206 4074 401 4155 argumentis
430 4071 571 4134 eamdem
599 4073 699 4134 almae
726 4073 800 4133 lidai
829 4082 950 4134 sectam
985 4073 1175 4138 deluserunt.
1227 4075 1349 4138 Certum

206 4178 341 4240 namque
367 4167 418 4220 est
443 4175 614 4239 verumque
649 4157 849 4239 praeconium
877 4156 909 4218 in
936 4167 1051 4221 cuncto
1077 4179 1181 4240 paene
1207 4168 1348 4222 terrarum

111 4309 114 4316 p
148 4237 152 4243 '
207 4243 458 4319 orberelatioue
486 4244 658 4325 perspicua
681 4239 826 4306 extitisse
847 4243 1026 4326 vulgatum,
1055 4245 1140 4328 quod
1159 4244 1235 4307 fidei
1254 4245 1349 4325 pleni·

206 4329 317 4391 tudine
336 4327 416 4396 fines
437 4347 562 4410 semper
578 4327 750 4408 Hispaniae
765 4327 943 4412 floruerunt,
964 4327 1047 4392 unde
1067 4338 1206 4394 nostram
1226 4329 1348 4414 gloriam

207 4472 405 4488 m

242 4545 271 4610 ¹)
288 4546 382 4599 blattlr.
401 4547 448 4610 18,
466 4545 509 4598 20.
561 4573 596 4586 --
648 4547 678 4613 ἱ)
695 4554 783 4598 coacto
799 4546 838 4601 Μ.
891 4573 926 4586 ·-·
978 4547 1008 4615 ⁸)
1027 4545 1157 4601 datatim
1173 4547 1211 4601 M.
1244 4579 1278 4591 -

240 4615 378 4682 ⁴)doprrm
394 4613 432 4668 bl.
466 4643 500 4654 -
537 4616 656 4684 ⁸)iofro
671 4617 709 4668 Μ.
743 4644 778 4658 ·-
826 4661 829 4668 .
1049 4621 1051 4628 ’
