2912 5060
347 221 591 292 coNcmmm
610 219 882 285 TOLM'I'ANUM
902 221 985 286 Vlll.
1180 220 1246 288 273

85 417 221 486 namque
242 399 274 464 ln
293 395 421 462 Exodo:
450 392 524 460 Non
545 413 684 458 arsames
705 412 819 458 nomen
840 392 962 456 domini
983 391 1037 456 dei
1058 395 1109 456 toi
1129 396 1165 458 in
1186 415 1244 473 aa·

85 511 182 564 nnm,
203 507 262 548 neo
284 487 368 547 enim
389 487 545 545 insontem
566 479 695 540 babebit
716 479 860 540 dominns
882 499 970 556 eam,
993 481 1049 560 qai
1070 499 1244 562 assumpse-

85 578 134 635 rit
155 574 267 634 nomen
289 571 412 630 domini
431 569 485 630 dei
504 567 557 627 sni
570 569 709 645 frastra.
739 565 818 624 Item
840 565 871 624 in
892 565 1056 624 Leuitico:
1077 562 1151 627 Non
1166 587 1243 648 per-

79 659 209 740 jaratis
230 659 265 717 in
286 657 412 716 nomine
433 673 511 728 meo,
533 671 592 714 neo
606 649 730 730 pollues
751 667 864 709 nomen
882 647 1003 710 domini
1019 648 1073 708 dei
1093 651 1163 724 tui3
1185 668 1243 734 ego

89 745 234 804 dominas
249 739 291 820 ¹).
338 739 385 800 At
411 757 487 800 vero
513 737 587 818 ¹quia
609 735 695 796 illata
715 753 929 814 pressurarum
951 735 1106 796 acerbitas
1128 735 1244 796 resolvi

86 829 191 908 possit
220 843 259 888 ac
287 824 418 904 debeat,
447 831 512 884 tam
532 821 724 882 vinculorum
756 825 789 880 et
815 819 1020 880 lamentorum
1039 817 1144 882 horror
1164 820 1244 880 insi-

87 907 212 990 nuat²)
242 929 335 991 quam
367 907 509 987 ejusdem
537 905 732 968 auctoritatis
760 903 932 966 dominicae
959 913 1129 984 praecepta
1154 923 1244 966 com-

88 995 256 1077 mendant3
283 995 400 1055 etenim
417 991 509 1072 juxta
529 999 670 1052 veterem
693 989 926 1051 translationem
947 989 992 1050 ita
1014 989 1165 1070 quosdam
1187 1011 1243 1068 per

89 1083 203 1144 lsaiam
219 1081 309 1162 gravi
325 1079 561 1159 exprobratione
579 1076 721 1138 dominus
738 1076 879 1153 increpat
896 1075 1022 1137 dicens:
1050 1073 1114 1136 Vae
1126 1073 1198 1156 filii
1209 1075 1244 1156 ³)

90 1167 295 1239 desertionis,
318 1165 401 1226 dicit
422 1164 580 1244 dominns,
596 1163 728 1241 fecistis
756 1161 920 1221 consilinm
947 1180 1012 1222 non
1031 1181 1095 1241 per
1115 1181 1181 1237 me,
1210 1169 1244 1226 et

89 1253 305 1332 sponsionem,
326 1269 389 1309 non
405 1249 635 1330 perspiritum
657 1266 775 1320 meam,
805 1247 946 1326 adjicere
960 1251 1131 1328 peccatam
1151 1266 1245 1328 saper

82 1343 264 1418 peccatam.
298 1337 377 1394 ltcm
399 1331 616 1408 Jeremias4):
639 1331 832 1412 Iniquitates
853 1338 982 1392 nostrae
1003 1329 1245 1394 declinaverant

89 1425 156 1482 ista
185 1427 218 1480 et
236 1427 375 1500 peccata
404 1426 514 1480 nostra
537 1423 720 1479 amoverant
743 1416 823 1476 bona
846 1438 865 1478 a
886 1416 993 1490 nobis,
1024 1419 1098 1498 qnia
1120 1419 1245 1480 inventi

89 1512 164 1567 sant
193 1508 228 1564 in
250 1503 368 1584 propalo
396 1523 464 1565 meo
492 1505 669 1584 irnpii,·et
699 1501 825 1584 laqueos
852 1507 1035 1562 statuerant
1057 1501 1102 1562 ad
1121 1501 1243 1584 disper-

89 1591 209 1672 gendos
232 1593 316 1649 oiros
339 1597 371 1650 et
392 1587 714 1670 consprebendernnt5
744 1594 780 1648 at
808 1583 938 1668 laquens
966 1594 1056 1646 stans
1071 1584 1104 1663 ⁵)
1127 1587 1244 1668 plenas

92 1675 285 1748 volatilibus,
306 1677 353 1734 sio
376 1675 483 1734 domas
506 1694 611 1735 eornm
627 1673 726 1754 plena
747 1672 817 1735 dolo
830 1675 872 1750 θ).
910 1673 953 1732 Et
975 1692 1030 1750 per
1049 1671 1245 1736 Michaeam:

91 1760 185 1822 Eben
195 1758 275 1818 milri
289 1761 397 1819 enimn
410 1758 452 1836 ⁷),
468 1761 542 1840 qnia
550 1761 655 1840 periit
666 1757 698 1836 ⁸)
712 1765 871 1818 revertens
888 1757 932 1818 ad
948 1764 1066 1817 terram
1079 1757 1123 1832 ⁹),
1141 1767 1172 1819 et
1189 1761 1244 1840 qai

92 1847 236 1925 corrigat
247 1847 343 1904 'inter
359 1845 497 1904 homines
513 1864 576 1904 non
592 1851 639 1904 est
647 1865 660 1916 ,·
683 1863 787 1904 omnes
809 1845 844 1902 in
864 1845 1021 1924 sangnine
1034 1842 1244 1922 judicantum

91 1931 303 2011 unusquisqne
324 1931 505 2011 proximam
531 1949 620 1989 saram
643 1927 776 1989 tribulat
797 1927 1005 1989 tribulatione
1012 1951 1025 2002 ,·
1052 1928 1153 2009 in10)
1175 1950 1252 1994 ma·.

92 2015 155 2075 lam
184 2035 295 2075 manas
321 2035 395 2075 snas
419 2021 628 2096 praeparant.
682 2011 734 2074 Ad
762 2013 999 2075 beneficentiam
1027 2022 1131 2096 certe,
1162 2035 1245 2094 quae

91 2099 205 2161 divinis
230 2101 329 2162 oculis
351 2107 438 2162 tanto
462 2109 513 2160 est
535 2101 661 2182 gratior,
683 2107 798 2178 quanto
822 2107 854 2159 et
877 2101 1033 2176 invenitur
1053 2119 1127 2159 esse
1148 2120 1245 2180 prae-

92 2187 241 2266 stantior,
264 2185 311 2247 sio
333 2205 391 2246 nos
413 2184 579 2264 lsaias11)
601 2185 725 2246 instruit
745 2185 871 2246 dicens:
893 2183 1040 2246 Dissoloe
1063 2183 1244 2268 colligatio-

90 2291 147 2331 nes
169 2273 361 2350 impietatis,
383 2272 468 2332 solae
482 2267 658 2349 fasciculos
680 2269 899 2350 deprimentes.
943 2271 1060 2332 Paulus
1074 2269 1127 2348 ¹²)
1150 2273 1246 2336 etiam

90 2373 152 2416 vas
181 2356 361 2417 electionis:
395 2355 506 2416 Pietas
535 2357 579 2416 ad
604 2356 710 2414 omnia
738 2356 829 2414 utilis
853 2362 910 2416 est.
953 2355 995 2415 Et
1020 2357 1245 2437 Jacobirs¹³):

91 2439 253 2500 ,indiciam
273 2443 342 2500 sine
363 2442 581 2501 misericordia
603 2439 662 2512 illi,
680 2441 734 2520 qrn'
754 2460 817 2500 non
833 2441 954 2520 fecerit
974 2443 1225 2504 misericordiam
1231 2467 1246 2520 ,·

92 2525 311 2606 snperernltat
334 2533 439 2586 antem
460 2526 680 2586 misericordia
694 2523 865 2604 judiciam.
913 2527 1054 2585 Joannes
1070 2524 1123 2603 14)
1151 2529 1244 2592 item:

96 2611 160 2688 Qui
181 2612 249 2670 odit
265 2611 404 2692 fratrem
424 2631 513 2672 snam
535 2611 694 2671 homicida
718 2617 774 2684 est,
798 2617 830 2670 et
851 2611 951 2684 scitis,
968 2611 1044 2692 qaia
1066 2613 1166 2672 omnis
1188 2613 1244 2674 iro-

91 2697 211 2757 mieida
234 2715 297 2756 non
318 2696 413 2757 babet
434 2699 535 2757 eitam
555 2703 724 2757 *aeternam
752 2697 786 2755 in
813 2715 847 2756 se
874 2703 1064 2758 manentem.
1118 2697 1162 2758 m
1190 2719 1246 2779 per

89 2780 365 2862 semetipsum¹⁵J
394 2784 532 2844 veritas:
566 2781 709 2862 Diligite
731 2782 877 2841 inimicos
899 2787 1036 2857 vestros,
1066 2781 1245 2864 benefacite

92 2867 158 2940 bis,
182 2870 237 2948 qai
259 2887 312 2927 eos
335 2867 492 2942 oderant,·
514 2875 547 2927 et
569 2869 679 2927 iterum
693 2866 767 2944 Ἧι
799 2866 985 2946 Dimittite,
1008 2873 1040 2928 et
1063 2867 1245 2932 dimittetur

92 2951 202 3025 vobis,·
228 2955 257 3012 si
280 2960 387 3012 antem
407 2973 470 3013 non
492 2951 690 3026 dimiseritis,
712 2972 770 3012 nec
788 2959 884 3032 pater
905 2959 1008 3014 vester
1029 2953 1173 3015 coelestis
1194 2956 1246 3018 di·

93 3039 202 3098 mittet
224 3035 311 3096 vobis
328 3046 465 3118 peccata
488 3046 604 3099 nestra.
632 3039 719 3099 Ecce
742 3047 815 3098 sunt
838 3039 1009 3099 dominicae
1027 3035 1245 3120 jussionis¹⁷J

92 3120 259 3184 hincinde
282 3120 472 3202 adstipulata
492 3124 667 3184 firmissima
687 3125 834 3185 cautione
856 3132 1035 3206 praccepta,
1058 3143 1096 3186 ac
1117 3125 1246 3205 proinde

93 3207 168 3289 quia
198 3215 272 3268 suut
306 3205 401 3268 divini
432 3210 493 3270 oris
526 3211 746 3290 prosecutione
774 3217 902 3290 taxata,
938 3211 1161 3288 permanebunt
1189 3232 1247 3291 per

93 3293 197 3354 omnia
219 3300 347 3354 aeterna
368 3295 440 3376 lege
462 3293 612 3375 praelixa.
662 3291 743 3370 Quid
766 3287 869 3374 ergo?
901 3294 1048 3374 numquid
1078 3305 1132 3356 aut
1155 3296 1246 3378 jura-

93 3380 192 3441 menti
208 3377 364 3458 justitiam
389 3389 443 3441 aut
465 3376 760 3454 misericordiae¹⁸)
783 3398 893 3456 pacem
917 3379 975 3440 sibi
997 3381 1150 3440 contraire
1171 3403 1246 3446 nar-

93 3466 246 3544 rabimus,
269 3463 342 3524 dum
364 3467 514 3544 scriptum
536 3467 579 3526 sit
596 3464 665 3542 Ἧι
693 3461 917 3526 Misericordia
940 3471 973 3527 et
995 3467 1114 3527 veritas
1137 3467 1246 3532 obvia-

95 3554 210 3608 verant
232 3548 304 3628 sibi,
321 3549 457 3626 Justitia
479 3556 512 3610 et
527 3570 598 3632 pan
618 3569 652 3610 se
675 3549 853 3629 compienne
873 3553 973 3612 sarit?
998 3551 1065 3611 Aut
1080 3553 1152 3632 quia
1168 3573 1248 3616 con-

94 3632 316 3692 troversiarum
337 3633 444 3710 lapsus
464 3653 537 3696 sese
559 3637 590 3696 in
612 3634 872 3714 contentionem)
896 3635 1079 3716 diffundunt,
1099 3639 1177 3698 adeo
1191 3639 1247 3718 ²1)

93 3717 187 3777 unius
213 3717 312 3798 partis
340 3719 545 3782 assertionem
573 3720 762 3780 narrabimus
789 3738 851 3780 non
879 3715 1094 3799 implendam?
1124 3723 1246 3804 curm)
1311 3788 1314 3796 ,

93 3802 224 3864 alterius
259 3803 394 3864 assertio
428 3807 527 3886 partis
559 3804 704 3888 jacturae
735 3805 938 3868 comminatur
951 3799 1021 3882 ²²)
1038 3803 1247 3882 instantiam?

177 3985 264 4037 Exorl.
283 3987 333 4054 20,
356 3989 383 4042 7.
412 3987 497 4043 Levit.
516 3987 626 4056 19,12.
678 4017 713 4028 -
766 3987 796 4055 2)
820 4003 894 4040 error
918 3979 1029 4040 insinuet
1051 3987 1089 4041 M.
1124 4019 1160 4032 -

131 3991 143 4026 1

130 4059 144 4163 ἓ
177 4056 421 4118 altram-tes.
441 4061 536 4124 30,1.
570 4089 607 4098 -
642 4054 793 4124 Olenii,
813 4059 940 4112 25-27.
975 4085 1011 4097 ·-
1048 4059 1076 4125 ⁵)
1095 4061 1194 4114 instans
1210 4063 1248 4118 M.

147 4057 268 4192 {plenae
286 4128 373 4180 dolore
389 4131 427 4181 M.
462 4159 499 4168 -
534 4127 562 4193 l]
580 4143 637 4180 niro
654 4128 715 4179 add.
733 4127 760 4178 in
778 4146 812 4180 rn.
829 4129 867 4180 M.
894 4154 930 4166 —
955 4126 1035 4180 Mich.
1053 4129 1080 4192 7,
1099 4129 1186 4184 1-3,
1212 4129 1249 4175 -ἰ-

146 4196 245 4262 )porr't
264 4197 298 4246 M.
333 4227 368 4236 -
415 4198 444 4264 ⁹)
463 4217 480 4250 a
500 4199 615 4248 terrain
633 4213 667 4247 m.
684 4198 722 4248 Μ.
758 4225 793 4236 —-
836 4197 885 4265 1⁰)
904 4197 967 4264 (om.
985 4215 1049 4250 voce
1070 4200 1248 4272 tribulatione)

163 4267 293 4316 arroasia
318 4265 454 4320 inm.M.
488 4295 524 4307 -
568 4267 617 4334 11)
641 4266 693 4318 tes.
708 4267 754 4330 58,
772 4268 799 4322 6.
835 4297 871 4307 -
913 4267 961 4334 1²)
985 4267 1137 4335 lTim.4,
1162 4273 1188 4325 8.
1212 4303 1249 4315 -

66 4398 69 4402 Δ
108 4332 345 4401 ra)Jac,2‚13,
382 4367 417 4376 ..
450 4333 715 4404 imitatam.
750 4366 785 4376 -
818 4337 1249 4404 1⁵)semetipsominm.M.-

163 4401 369 4468 aretinam.
398 4405 635 4464 Lacaenas.
669 4433 705 4445 —
747 4407 796 4472 16)
815 4408 880 4460 Luc.
898 4407 930 4470 6,
949 4409 991 4459 37.
1009 4413 1036 4460 et
1052 4408 1145 4462 Matth.
1161 4412 1187 4475 6,
1206 4415 1249 4466 14.

108 4471 159 4540 1⁷)
172 4473 302 4540 jerssiones
319 4475 356 4528 M.
370 4507 372 4512 -
393 4507 429 4518 -
473 4473 523 4540 1⁸)
541 4475 690 4542 juramenta
702 4476 823 4544 justitiae
841 4482 886 4527 ant
898 4476 1042 4544 joannam·
1059 4480 1250 4534 misericordiae

162 4541 190 4596 in
209 4559 244 4596 m.
261 4543 298 4596 M.
333 4574 369 4586 -
408 4544 459 4612 1⁹)
475 4538 566 4596 Psalm
583 4543 632 4608 85,
651 4545 694 4598 11.
728 4573 764 4584 -
784 4544 853 4612 ,²0)
870 4547 898 4596 io
914 4549 1096 4600 contentionem
1113 4549 1141 4602 in
1159 4567 1194 4604 m.
1211 4553 1249 4608 M.

106 4611 159 4682 ²1)
177 4612 234 4666 ideo
251 4613 289 4668 M.
323 4644 360 4657 -
391 4613 443 4682 ²²)
460 4629 493 4666 nr
510 4649 535 4666 ..
552 4614 670 4680 patiatur
686 4613 715 4683 in
731 4630 767 4667 nr.
785 4613 823 4666 M.
857 4643 892 4665 -ψ

178 4707 245 4756 aiot.
261 4709 318 4756 ecel.
333 4713 354 4755 1.
463 4738 467 4744 ·
967 4700 1008 4761 18
