2916 5050
186 259 250 326 res
446 259 581 326 coner
600 257 827 359 samnius
848 223 1085 333 sructura
1177 347 1182 354 ,

192 445 195 451 ·
230 428 319 498 1er.
366 431 410 500 Ut
438 431 563 498 olianus
597 429 732 501 mess
762 434 893 500 mnino
925 413 1124 518 uscipiatur
1143 428 1184 510 ab
1213 429 1294 508 salio.
1329 437 1334 444 '

272 518 371 582 Cone
392 517 499 582 Carth.
518 519 570 583 Ill
600 538 630 583 c.
645 519 703 590 44.
820 533 822 538 ’
879 565 881 572 .

233 631 303 700 LV.
346 635 389 700 Ut
422 635 670 723 contegantur·
700 638 846 722 piscopo
873 635 958 699 unde
986 603 1123 700 coluerit
1152 633 1305 700 &sicum

306 798 311 804 ⁵
625 721 725 785 liccat
752 721 911 784 ordinare.

275 805 375 871 Cone.-
396 807 503 873 Carth.
523 807 574 871 Ill.
606 823 634 871 c.
656 807 708 870 45.

233 923 320 992 cut
359 927 403 990 Ut
433 925 593 1010 episcopi,
627 925 682 1010 qui
713 926 750 990 in
781 919 977 988 dioecesibus
999 923 1128 1014 fiterint
1149 923 1305 1000 ordinati,

462 1013 631 1076 dioecesim
659 1011 723 1074 sibi
750 1009 871 1073 nullom
899 1008 1073 1072 vindicent.

80 1171 85 1181 ¹
278 1093 378 1160 (ione.
399 1093 505 1160 Carth.
526 1097 579 1159 lll.
606 1116 634 1162 e.
655 1097 708 1161 46.
728 1094 771 1158 50
796 1095 885 1175 (cum
912 1095 1140 1176 subscriptione
1160 1092 1280 1157 Aurelii
1300 1099 1353 1156 et:

195 1177 355 1266 Similiter
376 1188 409 1246 ct
430 1183 531 1247 ceteri
551 1183 693 1266 episcopii
716 1179 995 1266 subscriprsarunt).

235 1296 276 1360 In
296 1297 354 1362 boc
369 1299 508 1366 concilio
521 1306 680 1366 statutum
701 1306 760 1380 cst,
780 1307 818 1361 nt
836 1299 977 1384 episcopii
997 1298 1067 1362 sine
1074 1297 1221 1387 sonnatc
1241 1319 1307 1368 non

689 1385 855 1466 navigent.
1305 1413 1311 1418 ·
1371 1443 1375 1459 ,

256 1465 434 1534 vCaesario
459 1479 492 1534 et
512 1471 621 1536 Attico
647 1471 723 1532 viris
750 1467 930 1534 clarissimis
952 1468 1141 1550 consulibus,
1162 1465 1353 1534 VhKalen-

196 1550 264 1618 das-
282 1553 404 1638 Julias,
425 1546 619 1640 Carthagine
639 1555 774 1636 placuit,
800 1563 836 1618 ut
856 1553 958 1616 ntrllus
980 1553 1197 1640 episcoporum
1217 1556 1353 1638 naviget
1383 1563 1392 1576 '

194 1637 265 1702 sine
285 1637 416 1726 formata
434 1643 584 1725 primatis.
626 1639 730 1706 Gesta
757 1641 790 1704 in
816 1637 1023 1719 authenticis,
1050 1641 1103 1720 qui
1125 1649 1271 1722 quaeret,
1297 1641 1351 1722 in·

195 1725 366 1788 veniet1.
863 1787 866 1796 ,
1285 1769 1293 1790 .
1392 1721 1396 1730 ’

160 1845 171 1856 ‚
266 1807 324 1891 „Do
338 1725 487 1880 )concilio
515 1815 579 1874 isto
608 1810 711 1894 legati
738 1810 783 1876 od
808 1812 1015 1892 imperatores
1042 1809 1132 1890 insro
1159 1811 1276 1892 carnoti

589 1895 774 1978 diriguntur
802 1894 952 1977 episcopi.
1008 1904 1010 1910 ’

283 1978 364 2042 Post
376 1981 569 2044 consulatum
581 1980 796 2064 gloriosissimi
815 1977 1009 2060 imperatoris
1020 1974 1149 2040 Houorii
1160 1979 1287 2062 augusti
1295 1974 1358 2046 IV.

198 2069 234 2124 et
253 2062 443 2146 Eutychiani
468 2066 526 2130 viri
554 2066 738 2146 clarissimi,
760 2065 802 2126 V.
823 2061 984 2128 Kalendas
1009 2061 1129 2144 Majas,
1158 2062 1350 2146 Carthagine

199 2147 232 2208 in
256 2151 424 2212 secretario
452 2151 601 2215 basilicae
630 2151 803 2226 restitutae.
850 2151 885 2212 ln
915 2149 976 2213 hoc
1002 2149 1134 2211 concilio
1161 2149 1350 2232 legationem

60 2247 64 2264 ⁸
126 2293 129 2299 ,
198 2243 406 2314 suscepenmt
434 2237 608 2320 Epigonius
628 2245 662 2300 et
682 2235 874 2298 Vincentius
899 2233 1061 2314 episcopi,
1094 2241 1129 2294 ut
1155 2254 1209 2316 pro
1237 2235 1352 2296 coniu-

200 2318 359 2402 gieutibus
386 2317 427 2383 ad
452 2323 636 2404 ecclesiam,
664 2338 860 2404 quocumque
886 2327 975 2381 reatu
994 2317 1157 2400 involutis,
1184 2319 1289 2402 legem
1309 2318 1351 2382 de

198 2404 435 2550 glolpiosissimis
458 2407 647 2492 principibus
673 2414 871 2486 mereantur,
898 2424 938 2466 ne
966 2405 1037 2485 quis
1059 2422 1116 2467 eos
1136 2403 1252 2468 audeat
1272 2405 1351 2468 abs
1376 2409 1378 2412 ’

90 2535 94 2546 ,
200 2499 247 2552 tra
270 2509 333 2554 ere.
738 2513 766 2528 ·’
1228 2511 1230 2514 ·

242 2598 282 2663 ln
308 2600 367 2663 boc
400 2601 535 2667 concilio
571 2603 693 2685 legatio
730 2600 913 2665 destinatus
944 2597 990 2662 od
1013 2595 1191 2660 Romanum
1223 2603 1258 2660 ct
1283 2595 1352 2662 Me-

306 2687 521 2750 diolanensem
552 2691 714 2770 episcopos
741 2687 781 2748 de
803 2682 950 2767 porculis
979 2685 1034 2764 qni
1062 2683 1149 2766 opud
1175 2683 1373 2758 haereticos·

302 2769 466 2856 'baptizoti
492 2779 583 2849 sunt,
611 2778 644 2838 ct
667 2771 712 2834 cd
730 2773 952 2852 imperatorem
973 2769 1013 2830 de
1034 2769 1188 2831 idolorum
1208 2767 1352 2852 reliqniis

197 2851 201 2858 ’
425 2857 609 2936 auferendis
629 2863 663 2918 et
683 2856 723 2917 dc
744 2855 820 2917 eliis
841 2852 932 2916 rebeus
954 2872 1047 2934 quarn
1064 2853 1230 2935 plurimis..

201 3000 207 3004 .
287 2939 368 3018 Post
394 2942 590 3004 consulatum
610 2941 658 3002 ut.
680 2940 841 3004 stiliconis
861 2938 920 3002 viri
941 2939 1120 3020 clarissimi,
1133 2939 1221 3002 XVI.
1233 2937 1354 3000 Kalen-

201 3021 260 3088 das
279 3024 314 3102 ²)
342 3026 463 3106 Julias',
491 3024 683 3107 Carthagine
704 3026 736 3086 in
756 3025 925 3087 secretario
952 3024 1121 3104 basilicae,
1151 3043 1228 3088 cum
1247 3025 1352 3088 Aure-

197 3107 263 3171 lius
290 3111 460 3190 episcopus
487 3129 550 3172 una
576 3129 648 3175 cum
671 3109 828 3190 episcopis
849 3109 918 3174 suis
939 3108 1138 3172 consedisset
1158 3108 1354 3172 adstantibus

199 3191 360 3276 diaconis,
388 3195 535 3260 Aurelius
561 3199 729 3278 episcopus
749 3194 847 3258 dixitz
885 3194 1099 3268 Ecclesiarum
1121 3193 1172 3256 dei
1192 3213 1248 3274 per
1267 3193 1354 3254 Afri·

203 3295 273 3346 cam
305 3281 542 3344 constitutarum
575 3281 788 3344 necessitates
821 3271 945 3344 m'ecum
978 3280 1093 3360 optime
1124 3280 1212 3342 novit
1239 3279 1352 3342 caritas

202 3373 328 3447 vestra,
360 3367 551 3428 sanctissimi
576 3367 708 3446 liures,
736 3372 772 3426 et
799 3366 943 3445 quoniam
967 3365 1125 3445 praestitit
1152 3364 1293 3428 domhrus
1318 3372 1354 3424 ut

157 3489 159 3494 ι
202 3467 246 3512 ex
279 3449 382 3530 aliqua
413 3459 501 3528 parte
530 3451 772 3515 sancticoetus
799 3451 899 3512 vestr‘r
925 3457 1014 3512 esset
1040 3457 1235 3532 congregata
1260 3466 1353 3528 prae·

202 3533 322 3596 sentia:
343 3533 467 3596 videtur
489 3535 564 3597 mihi
583 3543 619 3598 ut
638 3535 697 3598 has
718 3533 847 3598 easdem
868 3535 1089 3616 necessitates,
1112 3552 1191 3616 quas
1212 3552 1267 3614 pro
1287 3531 1353 3594 sol-

201 3615 362 3680 licitudine
398 3627 506 3681 nostra
537 3618 686 3702 indagare
717 3621 874 3700 potuimus
885 3664 896 3701 ,
934 3621 966 3680 in
993 3618 1128 3684 medium
1154 3620 1352 3700 proferamus,

203 3720 284 3785 quas
311 3721 382 3766 curu
410 3702 626 3784 approbaverit
651 3715 760 3768 vestra
786 3706 952 3770 sinceritas
966 3705 1022 3768 'sit
1049 3723 1264 3786 consequens,
1295 3703 1352 3764 eli-

202 3785 341 3872 gendum
364 3806 438 3853 esse
459 3809 554 3852 unum
573 3810 592 3852 e
611 3799 717 3853 nostro
738 3810 865 3854 numero
886 3787 1159 3871 consacerdotem,
1189 3790 1242 3871 qui
1261 3789 1353 3852 'auxi-

201 3873 298 3936 liante
306 3871 433 3952 dominc
443 3883 477 3936 et
489 3875 678 3940 orationibus
691 3877 808 3940 vestris
819 3884 852 3940 et
861 3873 920 3938 has
932 3877 1019 3956 ipsas
1029 3876 1239 3938 necessitates
1250 3873 1352 3936 susci-

202 3976 280 4040 pere
313 3959 416 4038 possit
448 3968 481 4020 et
512 3961 658 4044 gnaviter
676 3960 875 4044 peragendas
906 3961 1052 4040 implere,
1087 3969 1284 4042 penacturus
1313 3955 1352 4026 ad

202 4044 426 4107 transmarinas
440 4045 549 4110 ltaliae
569 4055 676 4128 partes
698 4053 734 4106 ut
753 4053 818 4107 tarn
838 4045 958 4109 sanctis
973 4043 1118 4108 fratribus
1135 4053 1168 4107 et
1186 4062 1352 4108 consacer-

204 4125 329 4191 dotibus
350 4129 671 4212 nost1·is,uenerahili
692 4137 803 4191 sancto
825 4129 910 4192 fratri
925 4129 1096 4191 Anastasio
1117 4127 1205 4198 sedis
1225 4137 1351 4211 aposto-

203 4213 285 4282 licae
319 4215 469 4301 episcopo
480 4261 491 4298 ,
525 4235 619 4299 quarn
651 4213 747 4282 etiam
778 4220 889 4276 sancto
925 4213 1009 4276 fratri
1035 4213 1174 4280 Venerio
1199 4213 1352 4284 sacerdoti

204 4343 402 4365 mun-nun

241 4422 269 4492 t)
298 4423 333 4480 cf.
357 4423 440 4475 Coae.
459 4421 607 4475 Certinlll.
632 4435 656 4473 c.
673 4420 717 4474 28.
757 4449 792 4467 -
848 4421 877 4488 ι)
901 4419 1011 4490 Dionys.
1036 4429 1064 4478 et
1087 4423 1188 4478 Concil.
1206 4413 1289 4478 Afric.
1306 4425 1350 4478 sub

273 4491 426 4544 Bonifacio:
445 4494 518 4544 xw.
533 4492 592 4544 lini.
609 4519 644 4531 --
661 4491 763 4543 Isidor:
789 4491 864 4544 Cone.
885 4492 971 4546 Cottio.
986 4496 1015 4546 V.
1034 4493 1147 4547 habitatus
1165 4493 1290 4563 episcopis
1305 4511 1351 4546 nto-

272 4561 528 4680 p'repoasoptuopiutn
551 4560 633 4614 tribues
657 4576 702 4616 erc
719 4559 788 4627 438,
815 4569 873 4632 post
896 4563 1052 4622 consulatum
1071 4601 1116 4640 .,.
1136 4565 1177 4616 dic
1196 4561 1350 4621 xtfltttot

293 4646 309 4680 ii
321 4665 327 4680 2
362 4656 397 4669 ⁵¹·
418 4641 424 4648 ’
514 4667 516 4670 -
