2916 5050
343 213 569 312 opnornrun
590 197 927 284 mormannum
940 209 997 278 ru.
1181 211 1251 326 ¹,rao
1308 157 1314 164 ’

98 391 193 459 fuerit
213 409 273 454 suo
294 395 475 469 contemptu
496 395 530 450 et
549 386 760 467 contumacia,
787 383 924 448 iaciente
948 385 1045 446 otiam
1065 385 1251 450 auctoritato

95 477 276 560 judiciaria,
293 482 478 538 conventus.
511 473 692 534 Honoratus
713 477 746 533 et
766 469 910 533 Urbanus
930 471 1071 552 episcopi
1091 471 1250 536 dixerunt:

99 565 174 627 Hoc
194 564 277 623 enim
297 560 439 622 omnibus
458 552 588 639 praeeat
619 557 670 620 Ab
690 555 847 618 urriversis
866 556 1026 638 episcopis
1044 555 1161 634 diotrrm
1182 565 1250 620 est:
1274 561 1283 582 ·

99 649 230 712 Justum
250 655 319 726 est,
338 644 452 727 placet
535 677 537 681 >

601 723 752 788 XXXIX.

188 816 369 878 Honoratus
396 818 431 872 et
451 807 598 873 Urbanus
625 809 766 890 episcopi
791 809 944 872 dixenrnt.
990 812 1034 873 ut
1059 811 1134 874 illud
1159 813 1251 876 nobis

102 901 282 976 mandatum
304 906 370 979 est,
390 905 426 958 ut
446 896 519 978 quia
538 893 727 974 proxime1)
748 895 859 956 fratres
879 895 978 959 nostri
996 896 1163 960 Numidiae
1188 898 1251 962 duo

24 1015 26 1020 ·
104 987 247 1066 episcopi
268 983 408 1046 ordinare
427 988 701 1061 praesumpserunt
725 977 919 1061 pontificem,
945 981 1067 1044 nonnisi
1087 1001 1107 1044 a
1128 981 1250 1046 duode-
1303 1059 1309 1066 .

103 1074 167 1134 cim
187 1069 346 1134 censeatis
368 1068 585 1146 episcoporum
605 1065 754 1128 celebrari
774 1063 991 1128 ordinationes.
1018 1063 1166 1132 Aurelius
1180 1069 1252 1150 epi·

104 1162 224 1234 scopus
251 1155 348 1216 dixit:
382 1150 496 1212 Forma
523 1149 651 1230 antiqua
675 1149 863 1231 servabitur,
889 1158 926 1212 ut
954 1169 1016 1212 non
1036 1153 1138 1214 minus
1158 1169 1251 1234 quam
1325 1189 1326 1194 κ

12 1301 13 1306 ,
104 1249 173 1301 tras
198 1235 369 1314 sufficiant,
398 1233 451 1316 qui
476 1233 588 1296 fuerint
616 1233 764 1296 destinati
778 1232 813 1311 Ἃ)
840 1231 881 1296 ad
904 1235 1086 1315 episcopum
1104 1237 1253 1300 ordinan-

104 1323 197 1402 dum,
223 1321 387 1401 propterea
406 1319 479 1398 quia
499 1325 533 1378 et
547 1315 581 1402 8)
608 1319 639 1378 in
661 1318 777 1398 Tripoli
795 1319 875 1380 forto
896 1327 929 1380 ct
949 1321 1079 1402 Arzuge
1092 1321 1127 1399 4)
1153 1323 1253 1385 intar-
1294 1353 1298 1362 ·

101 1406 210 1489 jacere
230 1405 374 1466 videntur
388 1402 422 1481 ὅ)
447 1401 596 1463 barbarae
616 1410 739 1484 gentes.
790 1402 874 1464 Nam
893 1403 925 1463 in
939 1401 984 1482 ο)4
996 1405 1120 1486 Tripoli,
1139 1415 1175 1468 ut
1195 1425 1253 1468 as·

105 1493 220 1555 seritur
233 1489 283 1572 ἵ),
318 1488 459 1569 episcopi
485 1494 559 1548 sunt
586 1489 719 1567 quinqua
745 1487 956 1550 tantummodo
972 1487 1022 1568 ⁸),
1057 1497 1090 1550 et
1119 1501 1268 1569 possunt*

107 1578 187 1640 forte
209 1576 248 1636 de
269 1575 376 1654 seipso
396 1591 522 1634 numero
534 1570 569 1650 9)
596 1573 650 1632 vel
672 1571 732 1634 ¹duo
753 1573 946 1634 necessitato
967 1573 1254 1658 eliqua‘occupari3

58 1681 67 1717 f
109 1660 234 1723 difficile
256 1667 307 1720 cst
328 1660 424 1738 enim,
446 1665 482 1716 ut
503 1652 542 1717 de
564 1657 702 1735 quolibet
720 1674 846 1718 numero
868 1675 976 1718 omnes
996 1659 1119 1736 possint
1139 1679 1255 1724 occur·
1313 1663 1318 1672 '

109 1765 187 1808 rere.
222 1743 381 1823 Numquid
402 1742 497 1804 debet
516 1741 579 1802 hoc
597 1743 700 1820 ipsum
720 1741 938 1820 impedimento
959 1759 1034 1804 esse
1055 1745 1255 1808 ecclesiasti-

109 1817 168 1894 c'ae
193 1823 345 1892 utilitati?
376 1829 458 1890 Nam
487 1830 520 1886 et
541 1826 573 1886 in
598 1826 660 1888 hac
681 1827 836 1906 ecclesia,
864 1826 1021 1907 adquam
1048 1828 1177 1910 dignata
1203 1840 1256 1894 est

74 1961 80 1968 -
108 1915 262 1978 sanctitas
282 1921 391 1976 vestra
411 1911 594 1991 convenire,
623 1913 736 1974 mebro
753 1929 796 1986 lac
822 1930 904 1990 pene
931 1931 987 1991 per
1014 1913 1095 1980 diem
1122 1914 1256 1978 domini-
1348 1982 1351 1986 ,

109 2019 179 2063 cam
207 1997 392 2060 ordinandos
422 1997 583 2058 habemus.
627 1995 858 2076 Numquidnam
884 1997 1061 2076 frequentor
1091 1997 1256 2065 duodecim

37 2136 44 2143 .
109 2086 164 2147 vel
184 2084 294 2146 decem
313 2083 366 2144 vel
387 2101 449 2144 non
468 2081 690 2144 multominus
716 2077 873 2144 adducere
899 2082 1098 2163 possurn10)
1128 2087 1280 2164 episoo..
1330 2100 1335 2104 ·
1432 2071 1437 2076 '

109 2163 196 2250 pos?
228 2167 295 2232 Sed
316 2168 407 2232 facile
429 2174 481 2228 ast
499 2164 591 2244 mihi,
618 2167 698 2228 duos
718 2165 888 2248 adjungere
902 2174 1000 2228 'meae
1018 2170 1165 2248 parvitati
1185 2169 1256 2252 epi·

109 2271 225 2334 scopos
245 2254 385 2316 vicinos:
420 2257 607 2333 quapropter
626 2252 725 2315 cernit
753 2270 877 2314 mecum
903 2253 1018 2315 caritas
1043 2263 1165 2337 vestra,
1193 2257 1255 2321 hoc
1319 2277 1323 2290 ’

110 2340 212 2421 ipsum
232 2336 392 2402 observari
412 2355 474 2400 non
494 2347 601 2417 posse.
652 2419 712 2484 XL
1265 2376 1266 2379 η

194 2503 262 2570 Sed
279 2513 313 2568 et
328 2502 403 2567 illud
415 2511 466 2568 cst
477 2501 685 2583 statuendum,
702 2511 738 2566 ut
753 2503 876 2584 quando
891 2503 932 2566 ad
942 2504 1119 2588 eligendum
1130 2509 1259 2587 episco-

110 2609 183 2673 pum
204 2592 455 2670 convenerimus,
478 2590 507 2650 si
528 2588 812 2670 qualcontradiotio
832 2590 925 2651 luerit
944 2591 1067 2669 oborta,
1089 2593 1162 2670 quia
1183 2595 1259 2656 talia

111 2675 401 2754 uaonta¹1Jsunt
418 2674 501 2755 apud
521 2693 589 2755 nos,
609 2693 671 2736 non
692 2683 891 2753 praesumant
911 2673 952 2735 ad
971 2675 1164 2756 purgandunn
1186 2695 1258 2740 eum

93 2758 165 2843 ¹qui
184 2760 372 2827 ordinandus
394 2768 445 2822 est
457 2763 530 2824 tres
547 2758 630 2840 jorn,
660 2759 719 2820 sed
742 2759 939 2840 postulentur
960 2760 1000 2821 ad
1019 2779 1178 2822 numerum
1199 2781 1259 2824 su·
1295 2783 1297 2790 ’

110 2847 318 2928 pradictorum
331 2864 413 2906 unus
428 2845 481 2906 vel
495 2844 555 2906 duo
569 2843 641 2925 12);
662 2851 695 2904 et
715 2845 745 2904 in
761 2844 871 2906 eadem
886 2844 979 2924 plebe
999 2846 1050 2906 cui
1071 2845 1259 2912 ordinandus

113 2939 165 2994 cst
184 2931 388 2993 discutiantur
401 2931 499 3010 prirno
515 2946 668 3008 personae
683 2929 968 3012 contradicentium,
989 2939 1145 3010 postremo
1165 2935 1259 2996 etiam

113 3017 166 3077 illa
193 3004 274 3096 (suae
297 3015 479 3096 objiciuntur
498 3008 740 3094 pertractentur,
771 3023 804 3076 et
826 3011 900 3076 cum'
916 3024 1067 3097 purgatus
1088 3016 1180 3080 fuerit
1199 3019 1259 3081 sub
1304 3067 1323 3094 ,Ἴ

114 3109 288 3179 conspectu
315 3099 455 3181 publico,
485 3100 529 3160 ita
556 3097 679 3160 demum
700 3097 863 3160 ordinetur.
906 3100 942 3162 Si
963 3101 1024 3161 hoc
1041 3119 1112 3162 curn
1132 3101 1261 3166 vestrae

112 3186 290 3266 sanctitatis
311 3187 412 3246 animo
433 3183 611 3264 concordat,
631 3184 790 3245 roboretur
803 3192 930 3246 vostrae
946 3184 1108 3265 dignitatis
1126 3205 1260 3266 respon-

113 3271 213 3349 sioner
252 3271 303 3334 Ab
324 3271 480 3346 universis
501 3253 797 3414 ePiscopilelrilcmm
819 3277 887 3330 cst:
914 3269 1026 3331 Placet
1039 3271 1124 3332 satis
1142 3271 1205 3350 ¹³).

153 3458 156 3464 ¹
196 3439 376 3500 Honoratus
397 3445 431 3499 et
450 3437 594 3516 Urbanus
616 3437 756 3516 episcopi
777 3434 936 3500 dixerunt:
958 3433 1112 3514 Quoniam
1125 3439 1165 3502 de
1181 3460 1262 3504 con-

112 3519 186 3585 'cilio
202 3521 355 3602 quaedam
369 3531 504 3584 tractata
519 3532 689 3585 noscuntur
700 3522 766 3600 ¹⁴),
785 3521 1011 3601 adjicimus¹⁵J
1034 3525 1128 3586 etiarn
1149 3526 1188 3588 de
1210 3528 1262 3591 dio

113 3605 255 3688 paschae
276 3607 366 3667 nobis
387 3625 460 3668 csse
482 3607 675 3688 mandatum,
703 3615 738 3668 ut
759 3606 799 3668 da
821 3608 958 3670 ecclesia
979 3626 1103 3688 semper
1124 3609 1262 3674 Cartha·

65 3749 71 3760 ,
114 3691 255 3774 ginensi,
276 3693 359 3753 sicut
379 3693 570 3771 praedictum
593 3701 658 3773 est,
684 3692 884 3772 instruamur,
906 3700 940 3754 et
960 3711 1022 3754 non
1043 3695 1101 3755 sub
1124 3703 1261 3777 angusto
1307 3716 1313 3721 ·

114 3777 263 3855 temporis
283 3772 395 3856 spatio.
424 3777 570 3839 Aurelius
592 3776 870 3856 episcopusdixit:
897 3775 934 3837 Si
955 3777 1114 3839 sanctitati
1133 3789 1262 3842 vestrae

11 3911 17 3934 ,
114 3860 253 3942 videtur,
285 3863 428 3944 quoniam
454 3881 513 3925 nos
535 3860 742 3944 spopondisse
764 3859 830 3942 jam
849 3861 993 3942 superius
1013 3864 1207 3938 meminimus
1226 3875 1263 3930 ut

54 4147 63 4162 -
151 4093 401 4214 ”truita
415 4097 537 4218 cit>
563 4094 1031 4234 ,tuition
1050 4125 1085 4138 ··
1102 4103 1265 4235 ppu-

98 4221 103 4230 ’
183 4231 217 4282 T.
227 4233 253 4282 2.
292 4232 330 4281 4-
394 4231 422 4300 ⁵)
439 4184 574 4300 suardio·
591 4238 621 4290 C.
639 4235 715 4304 Hisp.
755 4202 808 4275 -Ι
843 4201 916 4302 6)·εῑ
932 4183 1051 4303 iopilrip.
1069 4186 1265 4308 0¹..ffisppzut'a

152 4300 182 4368 ἵ)
199 4301 283 4365 femor
298 4301 344 4358 AE.
388 4329 424 4342 -
480 4303 509 4371 θ)
531 4313 631 4360 tructam
648 4305 679 4358 C.
696 4307 731 4359 Hi
760 4318 808 4346 '-
865 4303 894 4370 ο)
917 4313 1022 4370 possuit
1038 4307 1070 4357 de
1086 4309 1142 4374 ipso
1159 4325 1263 4362 numero

184 4370 252 4434 {otte
268 4372 307 4421 oei
324 4371 407 4422 Haud.
424 4376 453 4423 et
472 4371 502 4424 Ο.
519 4374 596 4444 Hisp.
631 4403 666 4414 —-
716 4371 765 4439 1⁰)
782 4375 905 4424 odoocore
923 4382 1011 4441 potero
1030 4376 1061 4428 C.
1079 4375 1156 4445 Hisp.
1193 4406 1229 4418 —

146 4437 198 4504 11)
214 4441 285 4504 facto
303 4439 433 4492 Hard..et
450 4441 481 4491 C.
498 4443 574 4512 Hisp.
606 4475 643 4488 .-
683 4441 798 4507 1²)-doo
816 4445 926 4494 veltres
943 4444 1026 4498 Hand.
1043 4451 1070 4497 et
1088 4445 1209 4516 cuim.
1228 4471 1264 4488 -

147 4507 197 4574 1³)
216 4509 288 4560 Satis
300 4511 386 4576 ploret
402 4509 433 4561 C.
446 4509 521 4579 Hisp.
539 4541 575 4552 -
608 4511 657 4579 1⁴)
670 4512 700 4562 In
717 4511 783 4562 Cod.
798 4511 863 4563 Can.
875 4511 947 4565 Eccl.
958 4514 1015 4569 An.
1028 4531 1051 4566 o.
1062 4511 1105 4567 51.
1116 4533 1122 4566 :
1142 4516 1267 4578 Quumiom

183 4578 214 4626 de
231 4579 424 4633 commonitorio
441 4588 528 4634 oestro
545 4580 631 4636 omniu
646 4586 760 4634 traduto
777 4587 922 4635 raoscrrotor.
940 4609 975 4622 -—
996 4585 1046 4650 1⁵)
1059 4585 1176 4638 addiciat
1188 4583 1219 4637 C.
1229 4585 1264 4640 Η.

11 4669 16 4694 '
53 4684 63 4694 “
158 4669 225 4719 Brit.
239 4671 296 4722 cccl.
314 4675 335 4720 1.
1007 4668 1030 4728 9
