<?xml version="1.0" encoding="UTF-8"?>
<!DOCTYPE html PUBLIC "-//W3C//DTD XHTML 1.0 Transitional//EN"
    "http://www.w3.org/TR/xhtml1/DTD/xhtml1-transitional.dtd">
<html xmlns="http://www.w3.org/1999/xhtml" xml:lang="en" lang="en">
 <head>
  <title>
</title>
<meta http-equiv="Content-Type" content="text/html;charset=utf-8" />
  <meta name='ocr-system' content='tesseract 3.04.00' />
  <meta name='ocr-capabilities' content='ocr_page ocr_carea ocr_par ocr_line ocrx_word'/>
</head>
<body>
  <div class='ocr_page' id='page_1' title='image "./canonesapostolo00brungoog/canonesapostolo00brungoog_0266.png"; bbox 0 0 2912 5060; ppageno 0'>
   <div class='ocr_carea' id='block_1_1' title="bbox 225 230 1250 358">
    <p class='ocr_par' dir='ltr' id='par_1_1' title="bbox 225 230 1250 358">
     <span class='ocr_line' id='line_1_1' title="bbox 225 230 1250 358; baseline -0.006 -10"><span class='ocrx_word' id='word_1_1' title='bbox 225 350 231 358; x_wconf 71' lang='grc'><strong><em>,</em></strong></span> <span class='ocrx_word' id='word_1_2' title='bbox 340 230 608 348; x_wconf 47' lang='lat' dir='ltr'><strong>&#39;eunonium</strong></span> <span class='ocrx_word' id='word_1_3' title='bbox 635 277 905 358; x_wconf 82' lang='lat' dir='ltr'><strong>romnnnou</strong></span> <span class='ocrx_word' id='word_1_4' title='bbox 925 279 981 343; x_wconf 84' lang='lat' dir='ltr'><strong>vn</strong></span> <span class='ocrx_word' id='word_1_5' title='bbox 1112 308 1115 322; x_wconf 85' lang='lat'>·</span> <span class='ocrx_word' id='word_1_6' title='bbox 1185 277 1250 345; x_wconf 82' lang='lat' dir='ltr'><strong>asr·</strong></span> 
     </span>
    </p>
   </div>
   <div class='ocr_carea' id='block_1_2' title="bbox 7 439 1296 1989">
    <p class='ocr_par' dir='ltr' id='par_1_2' title="bbox 7 439 1296 1989">
     <span class='ocr_line' id='line_1_2' title="bbox 96 439 1251 554; baseline -0.003 -36"><span class='ocrx_word' id='word_1_7' title='bbox 96 454 236 538; x_wconf 66' lang='lat' dir='ltr'><strong>luobus,</strong></span> <span class='ocrx_word' id='word_1_8' title='bbox 258 455 289 518; x_wconf 91' lang='lat' dir='ltr'><strong>in</strong></span> <span class='ocrx_word' id='word_1_9' title='bbox 309 469 446 536; x_wconf 87' lang='lat' dir='ltr'><strong>persona</strong></span> <span class='ocrx_word' id='word_1_10' title='bbox 465 471 561 554; x_wconf 90' lang='lat' dir='ltr'><strong>unus,</strong></span> <span class='ocrx_word' id='word_1_11' title='bbox 588 469 631 512; x_wconf 88' lang='lat' dir='ltr'><strong>ne</strong></span> <span class='ocrx_word' id='word_1_12' title='bbox 651 449 846 534; x_wconf 75' lang='lat' dir='ltr'><strong>quaternitas</strong></span> <span class='ocrx_word' id='word_1_13' title='bbox 865 439 996 514; x_wconf 87' lang='lat' dir='ltr'><strong>trinitati</strong></span> <span class='ocrx_word' id='word_1_14' title='bbox 1016 449 1199 533; x_wconf 84' lang='lat' dir='ltr'><strong>ooeederet,</strong></span> <span class='ocrx_word' id='word_1_15' title='bbox 1219 451 1251 514; x_wconf 80' lang='lat' dir='ltr'><strong>si</strong></span> 
     </span>
     <span class='ocr_line' id='line_1_3' title="bbox 95 537 1254 622; baseline -0.001 -18"><span class='ocrx_word' id='word_1_16' title='bbox 95 563 129 604; x_wconf 90' lang='lat' dir='ltr'><strong>ru</strong></span> <span class='ocrx_word' id='word_1_17' title='bbox 157 539 285 604; x_wconf 87' lang='lat' dir='ltr'><strong>Christo</strong></span> <span class='ocrx_word' id='word_1_18' title='bbox 310 557 447 622; x_wconf 87' lang='lat' dir='ltr'><strong>persona</strong></span> <span class='ocrx_word' id='word_1_19' title='bbox 472 545 634 622; x_wconf 84' lang='lat' dir='ltr'><strong>gemmata</strong></span> <span class='ocrx_word' id='word_1_20' title='bbox 659 546 758 600; x_wconf 83' lang='lat' dir='ltr'><strong>esset.</strong></span> <span class='ocrx_word' id='word_1_21' title='bbox 800 538 887 620; x_wconf 79' lang='lat' dir='ltr'><strong>Ergo</strong></span> <span class='ocrx_word' id='word_1_22' title='bbox 915 557 934 601; x_wconf 90' lang='lat' dir='ltr'><strong>a</strong></span> <span class='ocrx_word' id='word_1_23' title='bbox 959 545 1049 620; x_wconf 85' lang='lat' dir='ltr'><strong>patre</strong></span> <span class='ocrx_word' id='word_1_24' title='bbox 1077 545 1111 599; x_wconf 86' lang='lat' dir='ltr'><strong>et</strong></span> <span class='ocrx_word' id='word_1_25' title='bbox 1137 537 1254 617; x_wconf 81' lang='lat' dir='ltr'><strong>spiritu</strong></span> 
     </span>
     <span class='ocr_line' id='line_1_4' title="bbox 96 623 1248 706; baseline -0.004 -17"><span class='ocrx_word' id='word_1_26' title='bbox 96 635 210 689; x_wconf 84' lang='lat' dir='ltr'><strong>saneto</strong></span> <span class='ocrx_word' id='word_1_27' title='bbox 240 625 487 706; x_wconf 79' lang='lat' dir='ltr'><strong>inseparabiliter</strong></span> <span class='ocrx_word' id='word_1_28' title='bbox 513 623 669 686; x_wconf 81' lang='lat' dir='ltr'><strong>discretus</strong></span> <span class='ocrx_word' id='word_1_29' title='bbox 696 633 747 684; x_wconf 88' lang='lat' dir='ltr'><strong>est</strong></span> <span class='ocrx_word' id='word_1_30' title='bbox 776 641 930 704; x_wconf 83' lang='lat' dir='ltr'><strong>persona,</strong></span> <span class='ocrx_word' id='word_1_31' title='bbox 963 625 1002 685; x_wconf 91' lang='lat' dir='ltr'><strong>ab</strong></span> <span class='ocrx_word' id='word_1_32' title='bbox 1035 624 1159 684; x_wconf 88' lang='lat' dir='ltr'><strong>homine</strong></span> <span class='ocrx_word' id='word_1_33' title='bbox 1187 641 1248 688; x_wconf 79' lang='lat' dir='ltr'><strong>au·-</strong></span> 
     </span>
     <span class='ocr_line' id='line_1_5' title="bbox 97 707 1296 793; baseline -0.003 -20"><span class='ocrx_word' id='word_1_34' title='bbox 97 721 161 773; x_wconf 89' lang='lat' dir='ltr'><strong>tem</strong></span> <span class='ocrx_word' id='word_1_35' title='bbox 193 719 357 792; x_wconf 89' lang='lat' dir='ltr'><strong>assumpto</strong></span> <span class='ocrx_word' id='word_1_36' title='bbox 383 718 518 793; x_wconf 73' lang='lat' dir='ltr'><strong>natura,</strong></span> <span class='ocrx_word' id='word_1_37' title='bbox 548 710 629 776; x_wconf 87' lang='lat' dir='ltr'><strong>item</strong></span> <span class='ocrx_word' id='word_1_38' title='bbox 658 727 730 771; x_wconf 88' lang='lat' dir='ltr'><strong>oum</strong></span> <span class='ocrx_word' id='word_1_39' title='bbox 759 707 872 769; x_wconf 90' lang='lat' dir='ltr'><strong>eodem</strong></span> <span class='ocrx_word' id='word_1_40' title='bbox 898 709 1023 770; x_wconf 91' lang='lat' dir='ltr'><strong>homine</strong></span> <span class='ocrx_word' id='word_1_41' title='bbox 1048 727 1130 771; x_wconf 91' lang='lat' dir='ltr'><strong>unus</strong></span> <span class='ocrx_word' id='word_1_42' title='bbox 1156 715 1250 770; x_wconf 87' lang='lat' dir='ltr'><strong>extat</strong></span> <span class='ocrx_word' id='word_1_43' title='bbox 1294 751 1296 756; x_wconf 89' lang='lat'><em>-</em></span> 
     </span>
     <span class='ocr_line' id='line_1_6' title="bbox 94 794 1248 879; baseline -0.002 -21"><span class='ocrx_word' id='word_1_44' title='bbox 94 815 258 879; x_wconf 87' lang='lat' dir='ltr'><strong>persona,</strong></span> <span class='ocrx_word' id='word_1_45' title='bbox 297 815 371 858; x_wconf 87' lang='lat' dir='ltr'><strong>oum</strong></span> <span class='ocrx_word' id='word_1_46' title='bbox 404 802 497 876; x_wconf 87' lang='lat' dir='ltr'><strong>patre</strong></span> <span class='ocrx_word' id='word_1_47' title='bbox 537 803 572 856; x_wconf 89' lang='lat' dir='ltr'><strong>et</strong></span> <span class='ocrx_word' id='word_1_48' title='bbox 610 795 721 875; x_wconf 90' lang='lat' dir='ltr'><strong>spiritu</strong></span> <span class='ocrx_word' id='word_1_49' title='bbox 762 802 881 878; x_wconf 84' lang='lat' dir='ltr'><strong>saneto</strong></span> <span class='ocrx_word' id='word_1_50' title='bbox 911 801 1047 875; x_wconf 89' lang='lat' dir='ltr'><strong>natura,</strong></span> <span class='ocrx_word' id='word_1_51' title='bbox 1086 812 1126 856; x_wconf 91' lang='lat' dir='ltr'><strong>ao</strong></span> <span class='ocrx_word' id='word_1_52' title='bbox 1162 794 1248 856; x_wconf 90' lang='lat' dir='ltr'><strong>siout</strong></span> 
     </span>
     <span class='ocr_line' id='line_1_7' title="bbox 94 878 1282 960; baseline -0.003 -14"><span class='ocrx_word' id='word_1_53' title='bbox 94 883 232 946; x_wconf 83' lang='lat' dir='ltr'>diximus</span> <span class='ocrx_word' id='word_1_54' title='bbox 255 878 301 942; x_wconf 73' lang='lat' dir='ltr'><strong>&#39;ex</strong></span> <span class='ocrx_word' id='word_1_55' title='bbox 330 881 453 942; x_wconf 88' lang='lat' dir='ltr'><strong>duabus</strong></span> <span class='ocrx_word' id='word_1_56' title='bbox 479 879 599 944; x_wconf 90' lang='lat' dir='ltr'><strong>naturis</strong></span> <span class='ocrx_word' id='word_1_57' title='bbox 625 889 660 941; x_wconf 91' lang='lat' dir='ltr'><strong>et</strong></span> <span class='ocrx_word' id='word_1_58' title='bbox 685 899 749 941; x_wconf 87' lang='lat' dir='ltr'><strong>una</strong></span> <span class='ocrx_word' id='word_1_59' title='bbox 774 884 1010 960; x_wconf 78' lang='lat' dir='ltr'><strong>persona‘unus</strong></span> <span class='ocrx_word' id='word_1_60' title='bbox 1032 887 1083 940; x_wconf 87' lang='lat' dir='ltr'><strong>est</strong></span> <span class='ocrx_word' id='word_1_61' title='bbox 1104 879 1250 942; x_wconf 88' lang='lat' dir='ltr'><strong>dominus</strong></span> <span class='ocrx_word' id='word_1_62' title='bbox 1281 912 1282 920; x_wconf 21' lang='grc' dir='ltr'><strong>κ</strong></span> 
     </span>
     <span class='ocr_line' id='line_1_8' title="bbox 95 965 1248 1048; baseline -0.003 -19"><span class='ocrx_word' id='word_1_63' title='bbox 95 977 207 1030; x_wconf 88' lang='lat' dir='ltr'><strong>noster</strong></span> <span class='ocrx_word' id='word_1_64' title='bbox 236 968 337 1030; x_wconf 88' lang='lat' dir='ltr'><strong>Jesus</strong></span> <span class='ocrx_word' id='word_1_65' title='bbox 369 967 537 1047; x_wconf 88' lang='lat' dir='ltr'><strong>Christus,</strong></span> <span class='ocrx_word' id='word_1_66' title='bbox 574 967 605 1026; x_wconf 89' lang='lat' dir='ltr'><strong>in</strong></span> <span class='ocrx_word' id='word_1_67' title='bbox 643 965 743 1027; x_wconf 84' lang='lat' dir='ltr'><strong>forma</strong></span> <span class='ocrx_word' id='word_1_68' title='bbox 778 965 951 1026; x_wconf 86' lang='lat' dir='ltr'><strong>divinitatis</strong></span> <span class='ocrx_word' id='word_1_69' title='bbox 985 965 1127 1046; x_wconf 90' lang='lat' dir='ltr'><strong>aequalis</strong></span> <span class='ocrx_word' id='word_1_70' title='bbox 1156 966 1248 1048; x_wconf 87' lang='lat' dir='ltr'><strong>patri,</strong></span> 
     </span>
     <span class='ocr_line' id='line_1_9' title="bbox 96 1047 1295 1130; baseline -0.004 -16"><span class='ocrx_word' id='word_1_71' title='bbox 96 1054 129 1114; x_wconf 91' lang='lat' dir='ltr'><strong>in</strong></span> <span class='ocrx_word' id='word_1_72' title='bbox 162 1054 267 1114; x_wconf 77' lang='lat' dir='ltr'><strong>forma</strong></span> <span class='ocrx_word' id='word_1_73' title='bbox 305 1052 391 1114; x_wconf 87' lang='lat' dir='ltr'><strong>servi</strong></span> <span class='ocrx_word' id='word_1_74' title='bbox 429 1053 529 1112; x_wconf 89' lang='lat' dir='ltr'><strong>minor</strong></span> <span class='ocrx_word' id='word_1_75' title='bbox 563 1059 672 1130; x_wconf 86' lang='lat' dir='ltr'><strong>patre:</strong></span> <span class='ocrx_word' id='word_1_76' title='bbox 711 1053 784 1113; x_wconf 87' lang='lat' dir='ltr'><strong>hino</strong></span> <span class='ocrx_word' id='word_1_77' title='bbox 815 1052 897 1112; x_wconf 91' lang='lat' dir='ltr'><strong>enim</strong></span> <span class='ocrx_word' id='word_1_78' title='bbox 931 1059 983 1112; x_wconf 91' lang='lat' dir='ltr'><strong>est</strong></span> <span class='ocrx_word' id='word_1_79' title='bbox 1015 1070 1081 1113; x_wconf 86' lang='lat' dir='ltr'><strong>vox</strong></span> <span class='ocrx_word' id='word_1_80' title='bbox 1113 1047 1182 1130; x_wconf 86' lang='lat' dir='ltr'><strong>ejus</strong></span> <span class='ocrx_word' id='word_1_81' title='bbox 1215 1050 1249 1112; x_wconf 86' lang='lat' dir='ltr'><strong>in</strong></span> <span class='ocrx_word' id='word_1_82' title='bbox 1292 1104 1295 1109; x_wconf 86' lang='lat'>.</span> 
     </span>
     <span class='ocr_line' id='line_1_10' title="bbox 96 1135 1248 1219; baseline -0.002 -19"><span class='ocrx_word' id='word_1_83' title='bbox 96 1139 242 1219; x_wconf 84' lang='lat' dir='ltr'><strong>psalmo:</strong></span> <span class='ocrx_word' id='word_1_84' title='bbox 277 1137 329 1200; x_wconf 82' lang='lat' dir='ltr'><strong>De</strong></span> <span class='ocrx_word' id='word_1_85' title='bbox 350 1143 460 1201; x_wconf 80' lang='lat' dir='ltr'><strong>eontra</strong></span> <span class='ocrx_word' id='word_1_86' title='bbox 480 1138 595 1198; x_wconf 77' lang='lat' dir='ltr'><strong>matria</strong></span> <span class='ocrx_word' id='word_1_87' title='bbox 616 1157 706 1199; x_wconf 80' lang='lat' dir='ltr'><strong>moue</strong></span> <span class='ocrx_word' id='word_1_88' title='bbox 726 1138 802 1200; x_wconf 81' lang='lat' dir='ltr'><strong>deus</strong></span> <span class='ocrx_word' id='word_1_89' title='bbox 823 1156 910 1200; x_wconf 81' lang='lat' dir='ltr'><strong>meos</strong></span> <span class='ocrx_word' id='word_1_90' title='bbox 938 1155 972 1198; x_wconf 83' lang='lat' dir='ltr'><strong>eo</strong></span> <span class='ocrx_word' id='word_1_91' title='bbox 999 1141 1036 1200; x_wconf 82' lang='lat' dir='ltr'><strong>tu</strong></span> <span class='ocrx_word' id='word_1_92' title='bbox 1052 1135 1094 1218; x_wconf 85' lang='lat'><strong>¹).</strong></span> <span class='ocrx_word' id='word_1_93' title='bbox 1141 1137 1248 1200; x_wconf 86' lang='lat' dir='ltr'><strong>Natus</strong></span> 
     </span>
     <span class='ocr_line' id='line_1_11' title="bbox 96 1220 1251 1304; baseline 0 -20"><span class='ocrx_word' id='word_1_94' title='bbox 96 1225 206 1304; x_wconf 87' lang='lat' dir='ltr'><strong>itaque</strong></span> <span class='ocrx_word' id='word_1_95' title='bbox 237 1242 257 1287; x_wconf 88' lang='lat' dir='ltr'><strong>a</strong></span> <span class='ocrx_word' id='word_1_96' title='bbox 283 1222 344 1286; x_wconf 91' lang='lat' dir='ltr'><strong>deo</strong></span> <span class='ocrx_word' id='word_1_97' title='bbox 371 1223 441 1284; x_wconf 91' lang='lat' dir='ltr'><strong>sine</strong></span> <span class='ocrx_word' id='word_1_98' title='bbox 466 1229 589 1304; x_wconf 86' lang='lat' dir='ltr'><strong>matre,</strong></span> <span class='ocrx_word' id='word_1_99' title='bbox 616 1230 710 1284; x_wconf 88' lang='lat' dir='ltr'><strong>natus</strong></span> <span class='ocrx_word' id='word_1_100' title='bbox 732 1241 752 1284; x_wconf 90' lang='lat' dir='ltr'><strong>a</strong></span> <span class='ocrx_word' id='word_1_101' title='bbox 771 1222 894 1303; x_wconf 86' lang='lat' dir='ltr'><strong>virgine</strong></span> <span class='ocrx_word' id='word_1_102' title='bbox 915 1223 985 1283; x_wconf 89' lang='lat' dir='ltr'><strong>sine</strong></span> <span class='ocrx_word' id='word_1_103' title='bbox 1005 1229 1096 1303; x_wconf 84' lang='lat' dir='ltr'><strong>patre</strong></span> <span class='ocrx_word' id='word_1_104' title='bbox 1116 1220 1251 1300; x_wconf 80' lang='lat' dir='ltr'><strong>solus²)</strong></span> 
     </span>
     <span class='ocr_line' id='line_1_12' title="bbox 103 1306 1253 1390; baseline -0.003 -18"><span class='ocrx_word' id='word_1_105' title='bbox 103 1308 236 1374; x_wconf 71' lang='lat' dir='ltr'><strong>Verum</strong></span> <span class='ocrx_word' id='word_1_106' title='bbox 257 1328 332 1372; x_wconf 84' lang='lat' dir='ltr'><strong>earo</strong></span> <span class='ocrx_word' id='word_1_107' title='bbox 351 1310 482 1390; x_wconf 71' lang='lat' dir='ltr'><strong>sautum</strong></span> <span class='ocrx_word' id='word_1_108' title='bbox 502 1312 606 1386; x_wconf 30' lang='lat' dir='ltr'><strong>est-ot</strong></span> <span class='ocrx_word' id='word_1_109' title='bbox 626 1307 788 1370; x_wconf 69' lang='lat' dir='ltr'><strong>latitavit</strong></span> <span class='ocrx_word' id='word_1_110' title='bbox 814 1309 850 1369; x_wconf 76' lang='lat' dir='ltr'><strong>tu</strong></span> <span class='ocrx_word' id='word_1_111' title='bbox 876 1307 993 1383; x_wconf 79' lang='lat' dir='ltr'><strong>nolio,-</strong></span> <span class='ocrx_word' id='word_1_112' title='bbox 1024 1317 1057 1370; x_wconf 87' lang='lat' dir='ltr'><strong>et</strong></span> <span class='ocrx_word' id='word_1_113' title='bbox 1084 1327 1156 1372; x_wconf 88' lang='lat' dir='ltr'><strong>oum</strong></span> <span class='ocrx_word' id='word_1_114' title='bbox 1182 1306 1253 1369; x_wconf 60' lang='lat' dir='ltr'><strong>tota*</strong></span> 
     </span>
     <span class='ocr_line' id='line_1_13' title="bbox 97 1393 1252 1476; baseline -0.003 -18"><span class='ocrx_word' id='word_1_115' title='bbox 97 1404 272 1476; x_wconf 87' lang='lat' dir='ltr'><strong>oooperata</strong></span> <span class='ocrx_word' id='word_1_116' title='bbox 296 1397 340 1456; x_wconf 93' lang='lat' dir='ltr'><strong>sit</strong></span> <span class='ocrx_word' id='word_1_117' title='bbox 367 1395 492 1456; x_wconf 82' lang='lat' dir='ltr'>trinitas</span> <span class='ocrx_word' id='word_1_118' title='bbox 518 1393 734 1455; x_wconf 86' lang='lat' dir='ltr'><strong>formationem</strong></span> <span class='ocrx_word' id='word_1_119' title='bbox 760 1393 904 1474; x_wconf 85' lang='lat' dir='ltr'><strong>suseepti</strong></span> <span class='ocrx_word' id='word_1_120' title='bbox 927 1393 1076 1474; x_wconf 91' lang='lat' dir='ltr'><strong>hominis,</strong></span> <span class='ocrx_word' id='word_1_121' title='bbox 1105 1393 1252 1474; x_wconf 87' lang='lat' dir='ltr'><strong>quoniam</strong></span> 
     </span>
     <span class='ocr_line' id='line_1_14' title="bbox 96 1477 1251 1562; baseline -0.003 -20"><span class='ocrx_word' id='word_1_122' title='bbox 96 1481 319 1562; x_wconf 78' lang='lat' dir='ltr'><strong>inseparabilia</strong></span> <span class='ocrx_word' id='word_1_123' title='bbox 345 1487 421 1542; x_wconf 88' lang='lat' dir='ltr'><strong>sunt</strong></span> <span class='ocrx_word' id='word_1_124' title='bbox 448 1497 545 1560; x_wconf 92' lang='lat' dir='ltr'><strong>opera</strong></span> <span class='ocrx_word' id='word_1_125' title='bbox 570 1479 735 1560; x_wconf 76' lang='lat' dir='ltr'><strong>trinitatis,</strong></span> <span class='ocrx_word' id='word_1_126' title='bbox 765 1480 980 1543; x_wconf 84' lang='lat' dir='ltr'><strong>solustamen</strong></span> <span class='ocrx_word' id='word_1_127' title='bbox 1002 1477 1251 1558; x_wconf 88' lang='lat' dir='ltr'><strong>aooopit-homi-</strong></span> 
     </span>
     <span class='ocr_line' id='line_1_15' title="bbox 98 1563 1252 1648; baseline -0.003 -20"><span class='ocrx_word' id='word_1_128' title='bbox 98 1586 172 1628; x_wconf 90' lang='lat' dir='ltr'><strong>nem</strong></span> <span class='ocrx_word' id='word_1_129' title='bbox 193 1567 226 1628; x_wconf 91' lang='lat' dir='ltr'><strong>in</strong></span> <span class='ocrx_word' id='word_1_130' title='bbox 246 1566 465 1648; x_wconf 72' lang='lat' dir='ltr'><strong>singularitate</strong></span> <span class='ocrx_word' id='word_1_131' title='bbox 484 1579 655 1646; x_wconf 89' lang='lat' dir='ltr'><strong>personae,</strong></span> <span class='ocrx_word' id='word_1_132' title='bbox 685 1583 746 1626; x_wconf 91' lang='lat' dir='ltr'><strong>nun</strong></span> <span class='ocrx_word' id='word_1_133' title='bbox 767 1564 799 1624; x_wconf 94' lang='lat' dir='ltr'><strong>in</strong></span> <span class='ocrx_word' id='word_1_134' title='bbox 819 1565 943 1625; x_wconf 91' lang='lat' dir='ltr'><strong>unitate</strong></span> <span class='ocrx_word' id='word_1_135' title='bbox 962 1563 1087 1644; x_wconf 87' lang='lat' dir='ltr'><strong>divinae</strong></span> <span class='ocrx_word' id='word_1_136' title='bbox 1109 1571 1252 1644; x_wconf 73' lang='lat' dir='ltr'><strong>naturae,</strong></span> 
     </span>
     <span class='ocr_line' id='line_1_16' title="bbox 100 1641 1251 1732; baseline -0.002 -20"><span class='ocrx_word' id='word_1_137' title='bbox 100 1641 132 1712; x_wconf 88' lang='lat' dir='ltr'><strong>in</strong></span> <span class='ocrx_word' id='word_1_138' title='bbox 160 1650 192 1714; x_wconf 91' lang='lat' dir='ltr'><strong>id</strong></span> <span class='ocrx_word' id='word_1_139' title='bbox 214 1650 303 1732; x_wconf 51' lang='lat' dir='ltr'><strong>¹quod</strong></span> <span class='ocrx_word' id='word_1_140' title='bbox 328 1659 380 1712; x_wconf 89' lang='lat' dir='ltr'><strong>est</strong></span> <span class='ocrx_word' id='word_1_141' title='bbox 406 1651 561 1730; x_wconf 88' lang='lat' dir='ltr'><strong>proprium</strong></span> <span class='ocrx_word' id='word_1_142' title='bbox 586 1650 641 1710; x_wconf 84' lang='lat' dir='ltr'><strong>lilii</strong></span> <span class='ocrx_word' id='word_1_143' title='bbox 667 1649 751 1731; x_wconf 91' lang='lat' dir='ltr'><strong>quod</strong></span> <span class='ocrx_word' id='word_1_144' title='bbox 777 1669 839 1710; x_wconf 91' lang='lat' dir='ltr'><strong>uon</strong></span> <span class='ocrx_word' id='word_1_145' title='bbox 863 1667 1027 1712; x_wconf 89' lang='lat' dir='ltr'><strong>oommune</strong></span> <span class='ocrx_word' id='word_1_146' title='bbox 1054 1649 1184 1711; x_wconf 89' lang='lat' dir='ltr'><strong>trinitati</strong></span> <span class='ocrx_word' id='word_1_147' title='bbox 1196 1648 1251 1728; x_wconf 81' lang='lat'><strong>³)=</strong></span> 
     </span>
     <span class='ocr_line' id='line_1_17' title="bbox 7 1732 1252 1818; baseline -0.002 -19"><span class='ocrx_word' id='word_1_148' title='bbox 7 1759 9 1762; x_wconf 91' lang='lat'>·</span> <span class='ocrx_word' id='word_1_149' title='bbox 101 1755 175 1799; x_wconf 91' lang='lat' dir='ltr'><strong>nam</strong></span> <span class='ocrx_word' id='word_1_150' title='bbox 196 1737 225 1798; x_wconf 91' lang='lat' dir='ltr'><strong>si</strong></span> <span class='ocrx_word' id='word_1_151' title='bbox 245 1744 387 1799; x_wconf 83' lang='lat' dir='ltr'><strong>naturam</strong></span> <span class='ocrx_word' id='word_1_152' title='bbox 408 1736 542 1798; x_wconf 87' lang='lat' dir='ltr'><strong>hominis</strong></span> <span class='ocrx_word' id='word_1_153' title='bbox 564 1732 677 1816; x_wconf 85' lang='lat' dir='ltr'><strong>deique</strong></span> <span class='ocrx_word' id='word_1_154' title='bbox 700 1737 829 1796; x_wconf 86' lang='lat' dir='ltr'><strong>alteram</strong></span> <span class='ocrx_word' id='word_1_155' title='bbox 857 1735 888 1795; x_wconf 90' lang='lat' dir='ltr'><strong>in</strong></span> <span class='ocrx_word' id='word_1_156' title='bbox 918 1733 1060 1813; x_wconf 66' lang='lat' dir='ltr'><strong>alteret)</strong></span> <span class='ocrx_word' id='word_1_157' title='bbox 1079 1734 1252 1818; x_wconf 20' lang='lat' dir='ltr'><strong>‘&#39;confudis-</strong></span> 
     </span>
     <span class='ocr_line' id='line_1_18' title="bbox 100 1820 1254 1904; baseline -0.003 -18"><span class='ocrx_word' id='word_1_158' title='bbox 100 1831 154 1886; x_wconf 82' lang='lat' dir='ltr'><strong>aet</strong></span> <span class='ocrx_word' id='word_1_159' title='bbox 165 1820 215 1904; x_wconf 84' lang='lat'><strong>⁵),</strong></span> <span class='ocrx_word' id='word_1_160' title='bbox 236 1829 307 1884; x_wconf 87' lang='lat' dir='ltr'><strong>tota</strong></span> <span class='ocrx_word' id='word_1_161' title='bbox 328 1822 451 1882; x_wconf 86' lang='lat' dir='ltr'><strong>trinitas</strong></span> <span class='ocrx_word' id='word_1_162' title='bbox 472 1827 585 1900; x_wconf 80' lang='lat' dir='ltr'><strong>o&#39;orpus</strong></span> <span class='ocrx_word' id='word_1_163' title='bbox 607 1821 851 1904; x_wconf 77' lang='lat' dir='ltr'><strong>assumpsisset,</strong></span> <span class='ocrx_word' id='word_1_164' title='bbox 874 1821 1020 1902; x_wconf 91' lang='lat' dir='ltr'><strong>quoniam</strong></span> <span class='ocrx_word' id='word_1_165' title='bbox 1042 1828 1170 1883; x_wconf 80' lang='lat' dir='ltr'><strong>constat</strong></span> <span class='ocrx_word' id='word_1_166' title='bbox 1191 1838 1254 1882; x_wconf 73' lang='lat' dir='ltr'><strong>rra-¹</strong></span> 
     </span>
     <span class='ocr_line' id='line_1_19' title="bbox 101 1906 1252 1989; baseline -0.002 -21"><span class='ocrx_word' id='word_1_167' title='bbox 101 1906 201 1968; x_wconf 89' lang='lat' dir='ltr'><strong>turam</strong></span> <span class='ocrx_word' id='word_1_168' title='bbox 231 1908 379 1971; x_wconf 86' lang='lat' dir='ltr'><strong>trinitatis</strong></span> <span class='ocrx_word' id='word_1_169' title='bbox 409 1925 483 1968; x_wconf 87' lang='lat' dir='ltr'><strong>esse</strong></span> <span class='ocrx_word' id='word_1_170' title='bbox 511 1923 623 1988; x_wconf 88' lang='lat' dir='ltr'><strong>unam,</strong></span> <span class='ocrx_word' id='word_1_171' title='bbox 650 1926 712 1968; x_wconf 91' lang='lat' dir='ltr'><strong>non</strong></span> <span class='ocrx_word' id='word_1_172' title='bbox 733 1915 838 1968; x_wconf 86' lang='lat' dir='ltr'><strong>tamen</strong></span> <span class='ocrx_word' id='word_1_173' title='bbox 858 1925 1033 1989; x_wconf 87' lang='lat' dir='ltr'><strong>personam.</strong></span> <span class='ocrx_word' id='word_1_174' title='bbox 1074 1907 1137 1968; x_wconf 91' lang='lat' dir='ltr'><strong>Hio</strong></span> <span class='ocrx_word' id='word_1_175' title='bbox 1156 1907 1252 1988; x_wconf 83' lang='lat' dir='ltr'><strong>igitur</strong></span> 
     </span>
    </p>
   </div>
   <div class='ocr_carea' id='block_1_3' title="bbox 101 1985 1371 2076">
    <p class='ocr_par' dir='ltr' id='par_1_3' title="bbox 101 1985 1371 2076">
     <span class='ocr_line' id='line_1_20' title="bbox 101 1985 1371 2076; baseline -0.004 -19"><span class='ocrx_word' id='word_1_176' title='bbox 101 1993 245 2057; x_wconf 90' lang='lat' dir='ltr'><strong>dominus</strong></span> <span class='ocrx_word' id='word_1_177' title='bbox 265 1995 366 2056; x_wconf 86' lang='lat' dir='ltr'><strong>Jesus</strong></span> <span class='ocrx_word' id='word_1_178' title='bbox 388 1991 535 2056; x_wconf 83' lang='lat' dir='ltr'><strong>Christus</strong></span> <span class='ocrx_word' id='word_1_179' title='bbox 562 1992 679 2055; x_wconf 77' lang='lat' dir='ltr'><strong>misnu</strong></span> <span class='ocrx_word' id='word_1_180' title='bbox 709 2000 858 2072; x_wconf 83' lang='lat' dir='ltr'><strong>epatre,</strong></span> <span class='ocrx_word' id='word_1_181' title='bbox 887 1993 1064 2076; x_wconf 90' lang='lat' dir='ltr'><strong>susoipiens</strong></span> <span class='ocrx_word' id='word_1_182' title='bbox 1085 1991 1169 2072; x_wconf 88' lang='lat' dir='ltr'><strong>quod</strong></span> <span class='ocrx_word' id='word_1_183' title='bbox 1190 2009 1252 2053; x_wconf 90' lang='lat' dir='ltr'><strong>non</strong></span> <span class='ocrx_word' id='word_1_184' title='bbox 1361 1985 1371 1998; x_wconf 79' lang='grc'><strong>“</strong></span> 
     </span>
    </p>
   </div>
   <div class='ocr_carea' id='block_1_4' title="bbox 53 2075 1292 2761">
    <p class='ocr_par' dir='ltr' id='par_1_4' title="bbox 53 2075 1292 2761">
     <span class='ocr_line' id='line_1_21' title="bbox 53 2075 1253 2160; baseline -0.002 -20"><span class='ocrx_word' id='word_1_185' title='bbox 53 2085 57 2092; x_wconf 92' lang='grc'><strong>“</strong></span> <span class='ocrx_word' id='word_1_186' title='bbox 86 2086 185 2159; x_wconf 62' lang='grc' dir='ltr'><strong>ὀπὶ,</strong></span> <span class='ocrx_word' id='word_1_187' title='bbox 213 2098 275 2142; x_wconf 89' lang='lat' dir='ltr'><strong>neo</strong></span> <span class='ocrx_word' id='word_1_188' title='bbox 295 2079 446 2140; x_wconf 87' lang='lat' dir='ltr'><strong>amittens</strong></span> <span class='ocrx_word' id='word_1_189' title='bbox 468 2075 653 2160; x_wconf 86' lang='lat' dir='ltr'><strong>quoderat,</strong></span> <span class='ocrx_word' id='word_1_190' title='bbox 681 2077 868 2140; x_wconf 87' lang='lat' dir='ltr'><strong>inviolabilis</strong></span> <span class='ocrx_word' id='word_1_191' title='bbox 889 2076 930 2138; x_wconf 79' lang='lat' dir='ltr'><strong>tle</strong></span> <span class='ocrx_word' id='word_1_192' title='bbox 950 2095 1024 2158; x_wconf 89' lang='lat' dir='ltr'><strong>suo,</strong></span> <span class='ocrx_word' id='word_1_193' title='bbox 1051 2077 1191 2140; x_wconf 87' lang='lat' dir='ltr'><strong>mortalis</strong></span> <span class='ocrx_word' id='word_1_194' title='bbox 1212 2075 1253 2138; x_wconf 80' lang='lat' dir='ltr'><strong>(le</strong></span> 
     </span>
     <span class='ocr_line' id='line_1_22' title="bbox 100 2162 1255 2247; baseline -0.003 -21"><span class='ocrx_word' id='word_1_195' title='bbox 100 2165 218 2247; x_wconf 88' lang='lat' dir='ltr'><strong>nostro,</strong></span> <span class='ocrx_word' id='word_1_196' title='bbox 230 2166 319 2226; x_wconf 86' lang='lat' dir='ltr'><strong>venit</strong></span> <span class='ocrx_word' id='word_1_197' title='bbox 339 2165 371 2224; x_wconf 92' lang='lat' dir='ltr'><strong>in</strong></span> <span class='ocrx_word' id='word_1_198' title='bbox 392 2164 476 2225; x_wconf 90' lang='lat' dir='ltr'><strong>huno</strong></span> <span class='ocrx_word' id='word_1_199' title='bbox 489 2162 643 2226; x_wconf 77' lang='lat' dir='ltr'><strong>,mnndum</strong></span> <span class='ocrx_word' id='word_1_200' title='bbox 664 2172 850 2244; x_wconf 71' lang='lat' dir='ltr'><strong>peccatores</strong></span> <span class='ocrx_word' id='word_1_201' title='bbox 874 2163 988 2242; x_wconf 87' lang='lat' dir='ltr'><strong>salvos</strong></span> <span class='ocrx_word' id='word_1_202' title='bbox 1003 2162 1108 2224; x_wconf 87' lang='lat' dir='ltr'><strong>fauere</strong></span> <span class='ocrx_word' id='word_1_203' title='bbox 1131 2171 1164 2226; x_wconf 87' lang='lat' dir='ltr'><strong>et</strong></span> <span class='ocrx_word' id='word_1_204' title='bbox 1180 2179 1255 2224; x_wconf 85' lang='lat' dir='ltr'><strong>oro-</strong></span> 
     </span>
     <span class='ocr_line' id='line_1_23' title="bbox 102 2247 1255 2330; baseline 0 -20"><span class='ocrx_word' id='word_1_205' title='bbox 102 2249 216 2312; x_wconf 87' lang='lat' dir='ltr'><strong>dentes</strong></span> <span class='ocrx_word' id='word_1_206' title='bbox 232 2248 424 2330; x_wconf 87' lang='lat' dir='ltr'><strong>justifioare,</strong></span> <span class='ocrx_word' id='word_1_207' title='bbox 446 2249 630 2329; x_wconf 81' lang='lat' dir='ltr'><strong>faciensque</strong></span> <span class='ocrx_word' id='word_1_208' title='bbox 649 2249 799 2311; x_wconf 86' lang='lat' dir='ltr'><strong>mirabilia</strong></span> <span class='ocrx_word' id='word_1_209' title='bbox 819 2247 954 2310; x_wconf 89' lang='lat' dir='ltr'><strong>traditus</strong></span> <span class='ocrx_word' id='word_1_210' title='bbox 975 2256 1027 2310; x_wconf 88' lang='lat' dir='ltr'><strong>est</strong></span> <span class='ocrx_word' id='word_1_211' title='bbox 1047 2257 1173 2329; x_wconf 88' lang='lat' dir='ltr'><strong>propter</strong></span> <span class='ocrx_word' id='word_1_212' title='bbox 1193 2247 1255 2310; x_wconf 57' lang='lat' dir='ltr'><strong>dea</strong></span> 
     </span>
     <span class='ocr_line' id='line_1_24' title="bbox 100 2334 1256 2415; baseline -0.001 -19"><span class='ocrx_word' id='word_1_213' title='bbox 100 2335 177 2398; x_wconf 81' lang='lat' dir='ltr'><strong>licta</strong></span> <span class='ocrx_word' id='word_1_214' title='bbox 196 2344 319 2414; x_wconf 86' lang='lat' dir='ltr'><strong>nostra,</strong></span> <span class='ocrx_word' id='word_1_215' title='bbox 346 2343 489 2396; x_wconf 90' lang='lat' dir='ltr'><strong>mortuns</strong></span> <span class='ocrx_word' id='word_1_216' title='bbox 510 2341 563 2395; x_wconf 91' lang='lat' dir='ltr'><strong>est</strong></span> <span class='ocrx_word' id='word_1_217' title='bbox 582 2343 710 2414; x_wconf 89' lang='lat' dir='ltr'><strong>propter</strong></span> <span class='ocrx_word' id='word_1_218' title='bbox 731 2334 943 2415; x_wconf 81' lang='lat' dir='ltr'><strong>expiationem</strong></span> <span class='ocrx_word' id='word_1_219' title='bbox 964 2342 1120 2414; x_wconf 90' lang='lat' dir='ltr'><strong>nostram,</strong></span> <span class='ocrx_word' id='word_1_220' title='bbox 1145 2351 1256 2396; x_wconf 85' lang='lat' dir='ltr'><strong>resur-</strong></span> 
     </span>
     <span class='ocr_line' id='line_1_25' title="bbox 103 2411 1292 2501; baseline 0.002 -21"><span class='ocrx_word' id='word_1_221' title='bbox 103 2421 186 2481; x_wconf 88' lang='lat' dir='ltr'><strong>rexit</strong></span> <span class='ocrx_word' id='word_1_222' title='bbox 207 2429 332 2500; x_wconf 90' lang='lat' dir='ltr'><strong>propter</strong></span> <span class='ocrx_word' id='word_1_223' title='bbox 344 2411 608 2500; x_wconf 75' lang='lat' dir='ltr'><strong>‘justificationem</strong></span> <span class='ocrx_word' id='word_1_224' title='bbox 629 2429 778 2501; x_wconf 90' lang='lat' dir='ltr'><strong>nostram,</strong></span> <span class='ocrx_word' id='word_1_225' title='bbox 800 2418 890 2500; x_wconf 82' lang='lat' dir='ltr'><strong>cujus</strong></span> <span class='ocrx_word' id='word_1_226' title='bbox 910 2421 1008 2481; x_wconf 85' lang='lat' dir='ltr'><strong>livore</strong></span> <span class='ocrx_word' id='word_1_227' title='bbox 1029 2419 1143 2501; x_wconf 87' lang='lat' dir='ltr'><strong>sanati,</strong></span> <span class='ocrx_word' id='word_1_228' title='bbox 1163 2417 1256 2500; x_wconf 84' lang='lat' dir='ltr'><strong>eujus</strong></span> <span class='ocrx_word' id='word_1_229' title='bbox 1290 2463 1292 2466; x_wconf 92' lang='lat'>-</span> 
     </span>
     <span class='ocr_line' id='line_1_26' title="bbox 103 2503 1256 2588; baseline 0 -22"><span class='ocrx_word' id='word_1_230' title='bbox 103 2513 203 2566; x_wconf 87' lang='lat' dir='ltr'><strong>morte</strong></span> <span class='ocrx_word' id='word_1_231' title='bbox 218 2505 277 2566; x_wconf 87' lang='lat' dir='ltr'><strong>deo</strong></span> <span class='ocrx_word' id='word_1_232' title='bbox 297 2506 378 2588; x_wconf 91' lang='lat' dir='ltr'><strong>patri</strong></span> <span class='ocrx_word' id='word_1_233' title='bbox 398 2505 601 2583; x_wconf 78' lang='lat' dir='ltr'><strong>reconciliati,</strong></span> <span class='ocrx_word' id='word_1_234' title='bbox 622 2503 712 2586; x_wconf 86' lang='lat' dir='ltr'><strong>eujus</strong></span> <span class='ocrx_word' id='word_1_235' title='bbox 733 2505 962 2567; x_wconf 86' lang='lat' dir='ltr'><strong>resurreetione</strong></span> <span class='ocrx_word' id='word_1_236' title='bbox 983 2521 1092 2567; x_wconf 91' lang='lat' dir='ltr'><strong>sumus</strong></span> <span class='ocrx_word' id='word_1_237' title='bbox 1111 2507 1256 2568; x_wconf 87' lang='lat' dir='ltr'><strong>resusoi-</strong></span> 
     </span>
     <span class='ocr_line' id='line_1_27' title="bbox 104 2588 1255 2672; baseline -0.001 -19"><span class='ocrx_word' id='word_1_238' title='bbox 104 2590 182 2654; x_wconf 87' lang='lat' dir='ltr'><strong>tati:</strong></span> <span class='ocrx_word' id='word_1_239' title='bbox 213 2607 306 2672; x_wconf 90' lang='lat' dir='ltr'><strong>quem</strong></span> <span class='ocrx_word' id='word_1_240' title='bbox 333 2591 429 2652; x_wconf 89' lang='lat' dir='ltr'><strong>etiam</strong></span> <span class='ocrx_word' id='word_1_241' title='bbox 449 2598 616 2651; x_wconf 89' lang='lat' dir='ltr'><strong>venturum</strong></span> <span class='ocrx_word' id='word_1_242' title='bbox 637 2591 669 2651; x_wconf 92' lang='lat' dir='ltr'><strong>in</strong></span> <span class='ocrx_word' id='word_1_243' title='bbox 690 2589 752 2652; x_wconf 87' lang='lat' dir='ltr'><strong>fine</strong></span> <span class='ocrx_word' id='word_1_244' title='bbox 773 2598 982 2672; x_wconf 76' lang='lat' dir='ltr'><strong>expectamus</strong></span> <span class='ocrx_word' id='word_1_245' title='bbox 1003 2588 1200 2654; x_wconf 87' lang='lat' dir='ltr'><strong>saooulomm</strong></span> <span class='ocrx_word' id='word_1_246' title='bbox 1221 2595 1255 2652; x_wconf 81' lang='lat' dir='ltr'><strong>er</strong></span> 
     </span>
     <span class='ocr_line' id='line_1_28' title="bbox 103 2672 1257 2761; baseline 0 -23"><span class='ocrx_word' id='word_1_247' title='bbox 103 2693 176 2738; x_wconf 89' lang='lat' dir='ltr'><strong>oum</strong></span> <span class='ocrx_word' id='word_1_248' title='bbox 207 2677 436 2738; x_wconf 85' lang='lat' dir='ltr'><strong>resurreetione</strong></span> <span class='ocrx_word' id='word_1_249' title='bbox 464 2676 599 2736; x_wconf 91' lang='lat' dir='ltr'><strong>omnium</strong></span> <span class='ocrx_word' id='word_1_250' title='bbox 627 2677 817 2757; x_wconf 86' lang='lat' dir='ltr'><strong>aequissimo</strong></span> <span class='ocrx_word' id='word_1_251' title='bbox 845 2694 903 2737; x_wconf 93' lang='lat' dir='ltr'><strong>suo</strong></span> <span class='ocrx_word' id='word_1_252' title='bbox 926 2673 1045 2761; x_wconf 83' lang='lat' dir='ltr'><strong>judioio</strong></span> <span class='ocrx_word' id='word_1_253' title='bbox 1065 2672 1257 2738; x_wconf 85' lang='lat' dir='ltr'><strong>redditurum</strong></span> 
     </span>
    </p>
   </div>
   <div class='ocr_carea' id='block_1_5' title="bbox 7 2759 1255 2842">
    <p class='ocr_par' dir='ltr' id='par_1_5' title="bbox 7 2759 1255 2842">
     <span class='ocr_line' id='line_1_29' title="bbox 7 2759 1255 2842; baseline -0.005 -14"><span class='ocrx_word' id='word_1_254' title='bbox 7 2817 12 2828; x_wconf 86' lang='lat'><strong><em>.</em></strong></span> <span class='ocrx_word' id='word_1_255' title='bbox 101 2759 197 2842; x_wconf 78' lang='lat' dir='ltr'><strong>justis</strong></span> <span class='ocrx_word' id='word_1_256' title='bbox 218 2762 356 2842; x_wconf 85' lang='lat' dir='ltr'><strong>praemia</strong></span> <span class='ocrx_word' id='word_1_257' title='bbox 376 2769 410 2823; x_wconf 89' lang='lat' dir='ltr'><strong>et</strong></span> <span class='ocrx_word' id='word_1_258' title='bbox 431 2761 534 2840; x_wconf 90' lang='lat' dir='ltr'><strong>impiis</strong></span> <span class='ocrx_word' id='word_1_259' title='bbox 554 2779 683 2841; x_wconf 88' lang='lat' dir='ltr'><strong>poenas.</strong></span> <span class='ocrx_word' id='word_1_260' title='bbox 723 2761 901 2824; x_wconf 81' lang='lat' dir='ltr'><strong>Euolesiam</strong></span> <span class='ocrx_word' id='word_1_261' title='bbox 922 2777 1047 2842; x_wconf 89' lang='lat' dir='ltr'><strong>quoque</strong></span> <span class='ocrx_word' id='word_1_262' title='bbox 1067 2761 1255 2824; x_wconf 75' lang='lat' dir='ltr'><strong>catholicam</strong></span> 
     </span>
    </p>
   </div>
   <div class='ocr_carea' id='block_1_6' title="bbox 102 2845 1256 2929">
    <p class='ocr_par' dir='ltr' id='par_1_6' title="bbox 102 2845 1256 2929">
     <span class='ocr_line' id='line_1_30' title="bbox 102 2845 1256 2929; baseline -0.002 -19"><span class='ocrx_word' id='word_1_263' title='bbox 102 2845 259 2910; x_wconf 86' lang='lat' dir='ltr'><strong>oredimus</strong></span> <span class='ocrx_word' id='word_1_264' title='bbox 286 2848 356 2908; x_wconf 88' lang='lat' dir='ltr'><strong>siue</strong></span> <span class='ocrx_word' id='word_1_265' title='bbox 381 2846 505 2914; x_wconf 88' lang='lat' dir='ltr'><strong>maoula</strong></span> <span class='ocrx_word' id='word_1_266' title='bbox 533 2845 565 2906; x_wconf 91' lang='lat' dir='ltr'><strong>iu</strong></span> <span class='ocrx_word' id='word_1_267' title='bbox 589 2865 685 2926; x_wconf 87' lang='lat' dir='ltr'><strong>opere</strong></span> <span class='ocrx_word' id='word_1_268' title='bbox 706 2855 740 2909; x_wconf 92' lang='lat' dir='ltr'><strong>et</strong></span> <span class='ocrx_word' id='word_1_269' title='bbox 762 2847 883 2928; x_wconf 85' lang='lat' dir='ltr'><strong>absque</strong></span> <span class='ocrx_word' id='word_1_270' title='bbox 903 2865 984 2929; x_wconf 82' lang='lat' dir='ltr'><strong>ruga</strong></span> <span class='ocrx_word' id='word_1_271' title='bbox 1005 2846 1036 2908; x_wconf 93' lang='lat' dir='ltr'><strong>in</strong></span> <span class='ocrx_word' id='word_1_272' title='bbox 1057 2845 1119 2908; x_wconf 86' lang='lat' dir='ltr'><strong>lide</strong></span> <span class='ocrx_word' id='word_1_273' title='bbox 1142 2860 1256 2927; x_wconf 88' lang='lat' dir='ltr'><strong>oorpus</strong></span> 
     </span>
    </p>
   </div>
   <div class='ocr_carea' id='block_1_7' title="bbox 7 2930 1321 3017">
    <p class='ocr_par' dir='ltr' id='par_1_7' title="bbox 7 2930 1321 3017">
     <span class='ocr_line' id='line_1_31' title="bbox 7 2930 1321 3017; baseline -0.001 -24"><span class='ocrx_word' id='word_1_274' title='bbox 7 3011 8 3016; x_wconf 5' lang='grc' dir='ltr'>ἵ</span> <span class='ocrx_word' id='word_1_275' title='bbox 103 2931 173 3012; x_wconf 87' lang='lat' dir='ltr'><strong>ejus</strong></span> <span class='ocrx_word' id='word_1_276' title='bbox 200 2950 296 3010; x_wconf 85' lang='lat' dir='ltr'><strong>esse,</strong></span> <span class='ocrx_word' id='word_1_277' title='bbox 325 2949 520 3014; x_wconf 83' lang='lat' dir='ltr'><strong>regnumque</strong></span> <span class='ocrx_word' id='word_1_278' title='bbox 546 2930 720 2994; x_wconf 88' lang='lat' dir='ltr'><strong>habituram</strong></span> <span class='ocrx_word' id='word_1_279' title='bbox 741 2949 814 2996; x_wconf 85' lang='lat' dir='ltr'><strong>eum</strong></span> <span class='ocrx_word' id='word_1_280' title='bbox 834 2933 940 3013; x_wconf 83' lang='lat' dir='ltr'><strong>eapite</strong></span> <span class='ocrx_word' id='word_1_281' title='bbox 961 2951 1020 2994; x_wconf 92' lang='lat' dir='ltr'><strong>suo</strong></span> <span class='ocrx_word' id='word_1_282' title='bbox 1042 2933 1256 3012; x_wconf 85' lang='lat' dir='ltr'><strong>omnipotente</strong></span> <span class='ocrx_word' id='word_1_283' title='bbox 1313 3003 1321 3017; x_wconf 21' lang='lat' dir='ltr'><strong>x</strong></span> 
     </span>
    </p>
   </div>
   <div class='ocr_carea' id='block_1_8' title="bbox 12 3527 655 3608">
    <p class='ocr_par' dir='ltr' id='par_1_8' title="bbox 12 3527 655 3608">
     <span class='ocr_line' id='line_1_32' title="bbox 12 3527 655 3608; baseline 0.033 -32"><span class='ocrx_word' id='word_1_284' title='bbox 12 3544 24 3576; x_wconf 56' lang='grc' dir='ltr'><strong>ε</strong></span> <span class='ocrx_word' id='word_1_285' title='bbox 106 3533 254 3608; x_wconf 72' lang='lat' dir='ltr'><strong>oporteat</strong></span> <span class='ocrx_word' id='word_1_286' title='bbox 274 3546 331 3588; x_wconf 81' lang='lat' dir='ltr'><strong>uos</strong></span> <span class='ocrx_word' id='word_1_287' title='bbox 352 3527 456 3589; x_wconf 76' lang='lat' dir='ltr'><strong>solvor</strong></span> <span class='ocrx_word' id='word_1_288' title='bbox 467 3529 548 3608; x_wconf 74' lang='lat' dir='ltr'><strong>fieri</strong></span> <span class='ocrx_word' id='word_1_289' title='bbox 561 3528 605 3608; x_wconf 66' lang='lat' dir='ltr'><strong>l).</strong></span> <span class='ocrx_word' id='word_1_290' title='bbox 652 3547 655 3553; x_wconf 83' lang='lat'>&#39;</span> 
     </span>
    </p>
   </div>
   <div class='ocr_carea' id='block_1_9' title="bbox 104 3015 1256 3098">
    <p class='ocr_par' dir='ltr' id='par_1_9' title="bbox 104 3015 1256 3098">
     <span class='ocr_line' id='line_1_33' title="bbox 104 3015 1256 3098; baseline -0.002 -18"><span class='ocrx_word' id='word_1_291' title='bbox 104 3016 233 3080; x_wconf 81' lang='lat' dir='ltr'><strong>Christo</strong></span> <span class='ocrx_word' id='word_1_292' title='bbox 253 3015 359 3097; x_wconf 87' lang='lat' dir='ltr'><strong>Jesu,</strong></span> <span class='ocrx_word' id='word_1_293' title='bbox 386 3024 554 3098; x_wconf 90' lang='lat' dir='ltr'><strong>postquam</strong></span> <span class='ocrx_word' id='word_1_294' title='bbox 579 3016 641 3080; x_wconf 90' lang='lat' dir='ltr'><strong>hoo</strong></span> <span class='ocrx_word' id='word_1_295' title='bbox 667 3017 866 3098; x_wconf 79' lang='lat' dir='ltr'><strong>corruptibile</strong></span> <span class='ocrx_word' id='word_1_296' title='bbox 893 3017 1027 3080; x_wconf 86' lang='lat' dir='ltr'><strong>induerit</strong></span> <span class='ocrx_word' id='word_1_297' title='bbox 1047 3017 1256 3098; x_wconf 84' lang='lat' dir='ltr'><strong>inoorruptio-</strong></span> 
     </span>
    </p>
   </div>
   <div class='ocr_carea' id='block_1_10' title="bbox 104 3101 1358 3186">
    <p class='ocr_par' dir='ltr' id='par_1_10' title="bbox 104 3101 1358 3186">
     <span class='ocr_line' id='line_1_34' title="bbox 104 3101 1358 3186; baseline 0 -22"><span class='ocrx_word' id='word_1_298' title='bbox 104 3119 177 3164; x_wconf 86' lang='lat' dir='ltr'><strong>nem</strong></span> <span class='ocrx_word' id='word_1_299' title='bbox 189 3110 232 3178; x_wconf 51' lang='lat' dir='ltr'><strong>,ot</strong></span> <span class='ocrx_word' id='word_1_300' title='bbox 251 3102 380 3164; x_wconf 87' lang='lat' dir='ltr'><strong>mortale</strong></span> <span class='ocrx_word' id='word_1_301' title='bbox 400 3101 672 3185; x_wconf 87' lang='lat' dir='ltr'><strong>immortalitatem,</strong></span> <span class='ocrx_word' id='word_1_302' title='bbox 691 3109 729 3166; x_wconf 80' lang='lat' dir='ltr'><strong>ut</strong></span> <span class='ocrx_word' id='word_1_303' title='bbox 740 3105 786 3166; x_wconf 81' lang='lat' dir='ltr'><strong>ait</strong></span> <span class='ocrx_word' id='word_1_304' title='bbox 799 3101 876 3166; x_wconf 80' lang='lat' dir='ltr'><strong>deus</strong></span> <span class='ocrx_word' id='word_1_305' title='bbox 890 3104 998 3166; x_wconf 82' lang='lat' dir='ltr'><strong>omnia</strong></span> <span class='ocrx_word' id='word_1_306' title='bbox 1012 3104 1052 3186; x_wconf 72' lang='lat' dir='ltr'><strong>ira</strong></span> <span class='ocrx_word' id='word_1_307' title='bbox 1062 3103 1203 3167; x_wconf 69' lang='lat' dir='ltr'><strong>aaaron</strong></span> <span class='ocrx_word' id='word_1_308' title='bbox 1213 3102 1255 3181; x_wconf 77' lang='lat'><strong>⁸).</strong></span> <span class='ocrx_word' id='word_1_309' title='bbox 1353 3143 1358 3152; x_wconf 89' lang='lat'><em>·</em></span> 
     </span>
    </p>
   </div>
   <div class='ocr_carea' id='block_1_11' title="bbox 104 3185 1257 3528">
    <p class='ocr_par' dir='ltr' id='par_1_11' title="bbox 104 3185 1257 3528">
     <span class='ocr_line' id='line_1_35' title="bbox 105 3185 1257 3271; baseline 0.003 -23"><span class='ocrx_word' id='word_1_310' title='bbox 105 3186 176 3250; x_wconf 81' lang='lat' dir='ltr'><strong>liae</strong></span> <span class='ocrx_word' id='word_1_311' title='bbox 201 3185 265 3248; x_wconf 88' lang='lat' dir='ltr'><strong>fide</strong></span> <span class='ocrx_word' id='word_1_312' title='bbox 293 3185 388 3250; x_wconf 86' lang='lat' dir='ltr'><strong>eorda</strong></span> <span class='ocrx_word' id='word_1_313' title='bbox 407 3187 622 3270; x_wconf 76' lang='lat' dir='ltr'><strong>purificantur,</strong></span> <span class='ocrx_word' id='word_1_314' title='bbox 649 3190 711 3252; x_wconf 88' lang='lat' dir='ltr'><strong>hao</strong></span> <span class='ocrx_word' id='word_1_315' title='bbox 733 3190 886 3252; x_wconf 85' lang='lat' dir='ltr'><strong>haereses</strong></span> <span class='ocrx_word' id='word_1_316' title='bbox 907 3189 1115 3271; x_wconf 88' lang='lat' dir='ltr'><strong>extirpantur,</strong></span> <span class='ocrx_word' id='word_1_317' title='bbox 1143 3190 1175 3250; x_wconf 94' lang='lat' dir='ltr'><strong>in</strong></span> <span class='ocrx_word' id='word_1_318' title='bbox 1195 3188 1257 3251; x_wconf 86' lang='lat' dir='ltr'><strong>huo</strong></span> 
     </span>
     <span class='ocr_line' id='line_1_36' title="bbox 104 3272 1256 3357; baseline -0.003 -21"><span class='ocrx_word' id='word_1_319' title='bbox 104 3273 204 3336; x_wconf 89' lang='lat' dir='ltr'><strong>omnis</strong></span> <span class='ocrx_word' id='word_1_320' title='bbox 227 3273 372 3336; x_wconf 82' lang='lat' dir='ltr'><strong>eoolesia</strong></span> <span class='ocrx_word' id='word_1_321' title='bbox 399 3273 557 3340; x_wconf 87' lang='lat' dir='ltr'><strong>oollooata</strong></span> <span class='ocrx_word' id='word_1_322' title='bbox 579 3272 645 3354; x_wconf 87' lang='lat' dir='ltr'><strong>jam</strong></span> <span class='ocrx_word' id='word_1_323' title='bbox 674 3274 705 3335; x_wconf 90' lang='lat' dir='ltr'><strong>in</strong></span> <span class='ocrx_word' id='word_1_324' title='bbox 731 3293 830 3357; x_wconf 83' lang='lat' dir='ltr'><strong>regno</strong></span> <span class='ocrx_word' id='word_1_325' title='bbox 859 3275 992 3338; x_wconf 82' lang='lat' dir='ltr'><strong>coelesti</strong></span> <span class='ocrx_word' id='word_1_326' title='bbox 1018 3282 1052 3336; x_wconf 88' lang='lat' dir='ltr'><strong>et</strong></span> <span class='ocrx_word' id='word_1_327' title='bbox 1080 3273 1203 3357; x_wconf 86' lang='lat' dir='ltr'><strong>degens</strong></span> <span class='ocrx_word' id='word_1_328' title='bbox 1224 3273 1256 3334; x_wconf 90' lang='lat' dir='ltr'><strong>in</strong></span> 
     </span>
     <span class='ocr_line' id='line_1_37' title="bbox 104 3355 1257 3439; baseline 0.001 -20"><span class='ocrx_word' id='word_1_329' title='bbox 104 3358 232 3420; x_wconf 84' lang='lat' dir='ltr'><strong>saeculo</strong></span> <span class='ocrx_word' id='word_1_330' title='bbox 252 3358 411 3438; x_wconf 86' lang='lat' dir='ltr'><strong>praesenti</strong></span> <span class='ocrx_word' id='word_1_331' title='bbox 433 3358 600 3439; x_wconf 71' lang='lat' dir='ltr'><strong>gloriatur,</strong></span> <span class='ocrx_word' id='word_1_332' title='bbox 623 3366 657 3422; x_wconf 90' lang='lat' dir='ltr'><strong>et</strong></span> <span class='ocrx_word' id='word_1_333' title='bbox 677 3377 739 3420; x_wconf 90' lang='lat' dir='ltr'><strong>non</strong></span> <span class='ocrx_word' id='word_1_334' title='bbox 760 3357 865 3432; x_wconf 78' lang='lat' dir='ltr'><strong>estin</strong></span> <span class='ocrx_word' id='word_1_335' title='bbox 887 3360 948 3420; x_wconf 88' lang='lat' dir='ltr'><strong>alia</strong></span> <span class='ocrx_word' id='word_1_336' title='bbox 967 3357 1031 3421; x_wconf 87' lang='lat' dir='ltr'><strong>fide</strong></span> <span class='ocrx_word' id='word_1_337' title='bbox 1052 3360 1160 3421; x_wconf 84' lang='lat' dir='ltr'><strong>salus:</strong></span> <span class='ocrx_word' id='word_1_338' title='bbox 1186 3355 1257 3422; x_wconf 84' lang='lat' dir='ltr'><strong>Neo</strong></span> 
     </span>
     <span class='ocr_line' id='line_1_38' title="bbox 104 3439 1257 3528; baseline 0.002 -22"><span class='ocrx_word' id='word_1_339' title='bbox 104 3445 190 3506; x_wconf 80' lang='lat' dir='ltr'><strong>onim</strong></span> <span class='ocrx_word' id='word_1_340' title='bbox 220 3462 333 3506; x_wconf 78' lang='lat' dir='ltr'><strong>nomon</strong></span> <span class='ocrx_word' id='word_1_341' title='bbox 362 3441 453 3504; x_wconf 70' lang='lat' dir='ltr'><strong>atiud</strong></span> <span class='ocrx_word' id='word_1_342' title='bbox 484 3448 533 3504; x_wconf 77' lang='lat' dir='ltr'><strong>est</strong></span> <span class='ocrx_word' id='word_1_343' title='bbox 560 3441 616 3506; x_wconf 80' lang='lat' dir='ltr'><strong>sab</strong></span> <span class='ocrx_word' id='word_1_344' title='bbox 645 3442 731 3508; x_wconf 82' lang='lat' dir='ltr'><strong>ooelo</strong></span> <span class='ocrx_word' id='word_1_345' title='bbox 762 3439 873 3508; x_wconf 79' lang='lat' dir='ltr'><strong>datum</strong></span> <span class='ocrx_word' id='word_1_346' title='bbox 900 3444 1098 3522; x_wconf 73' lang='lat' dir='ltr'><strong>kmuinilm,</strong></span> <span class='ocrx_word' id='word_1_347' title='bbox 1118 3445 1168 3508; x_wconf 36' lang='lat' dir='ltr'><strong>,tn</strong></span> <span class='ocrx_word' id='word_1_348' title='bbox 1196 3462 1257 3528; x_wconf 78' lang='lat' dir='ltr'><strong>quo</strong></span> 
     </span>
    </p>
   </div>
   <div class='ocr_carea' id='block_1_12' title="bbox 667 3584 791 3675">
    <p class='ocr_par' dir='ltr' id='par_1_12' title="bbox 667 3584 791 3675">
     <span class='ocr_line' id='line_1_39' title="bbox 667 3584 791 3675; baseline 0 -87"><span class='ocrx_word' id='word_1_349' title='bbox 667 3615 695 3675; x_wconf 66' lang='grc' dir='ltr'><em>Π</em></span> <span class='ocrx_word' id='word_1_350' title='bbox 789 3584 791 3588; x_wconf 85' lang='grc'><strong>,</strong></span> 
     </span>
    </p>
   </div>
   <div class='ocr_carea' id='block_1_13' title="bbox 187 3691 1412 3778">
    <p class='ocr_par' dir='ltr' id='par_1_13' title="bbox 187 3691 1412 3778">
     <span class='ocr_line' id='line_1_40' title="bbox 187 3691 1412 3778; baseline 0.005 -24"><span class='ocrx_word' id='word_1_351' title='bbox 187 3691 431 3774; x_wconf 85' lang='lat' dir='ltr'><strong>Religiosissimi</strong></span> <span class='ocrx_word' id='word_1_352' title='bbox 464 3693 612 3778; x_wconf 81' lang='lat' dir='ltr'><strong>principis</strong></span> <span class='ocrx_word' id='word_1_353' title='bbox 647 3699 746 3760; x_wconf 86' lang='lat' dir='ltr'><strong>nostri</strong></span> <span class='ocrx_word' id='word_1_354' title='bbox 779 3694 979 3762; x_wconf 75' lang='lat' dir='ltr'><strong>(levationem</strong></span> <span class='ocrx_word' id='word_1_355' title='bbox 1017 3705 1051 3760; x_wconf 90' lang='lat' dir='ltr'><strong>et</strong></span> <span class='ocrx_word' id='word_1_356' title='bbox 1084 3703 1257 3758; x_wconf 89' lang='lat' dir='ltr'><strong>nostrorum</strong></span> <span class='ocrx_word' id='word_1_357' title='bbox 1304 3753 1310 3767; x_wconf 69' lang='grc'>,</span> <span class='ocrx_word' id='word_1_358' title='bbox 1406 3720 1412 3732; x_wconf 91' lang='grc'>·</span> 
     </span>
    </p>
   </div>
   <div class='ocr_carea' id='block_1_14' title="bbox 55 3777 1260 4294">
    <p class='ocr_par' dir='ltr' id='par_1_14' title="bbox 55 3777 1260 4294">
     <span class='ocr_line' id='line_1_41' title="bbox 105 3777 1258 3866; baseline 0.003 -26"><span class='ocrx_word' id='word_1_359' title='bbox 105 3777 367 3840; x_wconf 86' lang='lat' dir='ltr'><strong>oonsaoerdotum</strong></span> <span class='ocrx_word' id='word_1_360' title='bbox 388 3779 485 3860; x_wconf 89' lang='lat' dir='ltr'><strong>primo</strong></span> <span class='ocrx_word' id='word_1_361' title='bbox 506 3792 588 3846; x_wconf 77' lang='lat' dir='ltr'><strong>a&#39;nno</strong></span> <span class='ocrx_word' id='word_1_362' title='bbox 608 3785 698 3866; x_wconf 88' lang='lat' dir='ltr'><strong>regni</strong></span> <span class='ocrx_word' id='word_1_363' title='bbox 711 3783 761 3846; x_wconf 91' lang='lat' dir='ltr'><strong>sui</strong></span> <span class='ocrx_word' id='word_1_364' title='bbox 774 3786 1029 3846; x_wconf 88' lang='lat' dir='ltr'><strong>oonstitutionem</strong></span> <span class='ocrx_word' id='word_1_365' title='bbox 1050 3799 1122 3844; x_wconf 86' lang='lat' dir='ltr'><strong>oum</strong></span> <span class='ocrx_word' id='word_1_366' title='bbox 1142 3799 1258 3864; x_wconf 85' lang='lat' dir='ltr'><strong>magna</strong></span> 
     </span>
     <span class='ocr_line' id='line_1_42' title="bbox 105 3864 1257 3950; baseline 0.003 -26"><span class='ocrx_word' id='word_1_367' title='bbox 105 3864 283 3926; x_wconf 83' lang='lat' dir='ltr'><strong>reverentia</strong></span> <span class='ocrx_word' id='word_1_368' title='bbox 310 3873 344 3925; x_wconf 88' lang='lat' dir='ltr'><strong>et</strong></span> <span class='ocrx_word' id='word_1_369' title='bbox 370 3865 576 3934; x_wconf 81' lang='lat' dir='ltr'><strong>veneratione</strong></span> <span class='ocrx_word' id='word_1_370' title='bbox 604 3870 833 3950; x_wconf 87' lang='lat' dir='ltr'><strong>susoipientes,</strong></span> <span class='ocrx_word' id='word_1_371' title='bbox 867 3887 959 3950; x_wconf 88' lang='lat' dir='ltr'><strong>quam</strong></span> <span class='ocrx_word' id='word_1_372' title='bbox 981 3865 1046 3946; x_wconf 88' lang='lat' dir='ltr'><strong>jam</strong></span> <span class='ocrx_word' id='word_1_373' title='bbox 1074 3873 1200 3928; x_wconf 86' lang='lat' dir='ltr'><strong>oonstat</strong></span> <span class='ocrx_word' id='word_1_374' title='bbox 1226 3868 1257 3928; x_wconf 93' lang='lat' dir='ltr'><strong>in</strong></span> 
     </span>
     <span class='ocr_line' id='line_1_43' title="bbox 106 3950 1260 4036; baseline 0.007 -29"><span class='ocrx_word' id='word_1_375' title='bbox 106 3950 188 4008; x_wconf 87' lang='lat' dir='ltr'><strong>omni</strong></span> <span class='ocrx_word' id='word_1_376' title='bbox 209 3968 306 4032; x_wconf 86' lang='lat' dir='ltr'><strong>regnu</strong></span> <span class='ocrx_word' id='word_1_377' title='bbox 328 3968 387 4010; x_wconf 92' lang='lat' dir='ltr'><strong>suo</strong></span> <span class='ocrx_word' id='word_1_378' title='bbox 408 3970 512 4014; x_wconf 85' lang='lat' dir='ltr'><strong>annua</strong></span> <span class='ocrx_word' id='word_1_379' title='bbox 531 3955 604 4016; x_wconf 86' lang='lat' dir='ltr'><strong>vioe</strong></span> <span class='ocrx_word' id='word_1_380' title='bbox 625 3955 793 4036; x_wconf 78' lang='lat' dir='ltr'><strong>celebrari,</strong></span> <span class='ocrx_word' id='word_1_381' title='bbox 820 3954 939 4034; x_wconf 79' lang='lat' dir='ltr'><strong>placuit</strong></span> <span class='ocrx_word' id='word_1_382' title='bbox 960 3953 1055 4016; x_wconf 85' lang='lat' dir='ltr'><strong>otiam</strong></span> <span class='ocrx_word' id='word_1_383' title='bbox 1074 3961 1182 4014; x_wconf 88' lang='lat' dir='ltr'><strong>nostra</strong></span> <span class='ocrx_word' id='word_1_384' title='bbox 1201 3971 1260 4015; x_wconf 84' lang='lat' dir='ltr'><strong>as-</strong></span> 
     </span>
     <span class='ocr_line' id='line_1_44' title="bbox 105 4033 1259 4116; baseline 0.005 -22"><span class='ocrx_word' id='word_1_385' title='bbox 105 4033 253 4096; x_wconf 89' lang='lat' dir='ltr'><strong>sensione</strong></span> <span class='ocrx_word' id='word_1_386' title='bbox 271 4033 399 4096; x_wconf 91' lang='lat' dir='ltr'><strong>firmari:</strong></span> <span class='ocrx_word' id='word_1_387' title='bbox 423 4035 553 4116; x_wconf 87' lang='lat' dir='ltr'><strong>proinde</strong></span> <span class='ocrx_word' id='word_1_388' title='bbox 573 4039 760 4102; x_wconf 89' lang='lat' dir='ltr'><strong>universalis</strong></span> <span class='ocrx_word' id='word_1_389' title='bbox 782 4039 968 4101; x_wconf 84' lang='lat' dir='ltr'><strong>auctoritate</strong></span> <span class='ocrx_word' id='word_1_390' title='bbox 989 4041 1157 4100; x_wconf 85' lang='lat' dir='ltr'><strong>censemus</strong></span> <span class='ocrx_word' id='word_1_391' title='bbox 1178 4056 1259 4100; x_wconf 87' lang='lat' dir='ltr'><strong>oon-</strong></span> 
     </span>
     <span class='ocr_line' id='line_1_45' title="bbox 106 4117 1259 4208; baseline 0.007 -30"><span class='ocrx_word' id='word_1_392' title='bbox 106 4117 184 4198; x_wconf 89' lang='lat' dir='ltr'><strong>oilii,</strong></span> <span class='ocrx_word' id='word_1_393' title='bbox 205 4127 240 4180; x_wconf 91' lang='lat' dir='ltr'><strong>ut</strong></span> <span class='ocrx_word' id='word_1_394' title='bbox 259 4119 291 4180; x_wconf 92' lang='lat' dir='ltr'><strong>hi</strong></span> <span class='ocrx_word' id='word_1_395' title='bbox 313 4119 382 4181; x_wconf 89' lang='lat' dir='ltr'><strong>dies</strong></span> <span class='ocrx_word' id='word_1_396' title='bbox 403 4120 592 4204; x_wconf 79' lang='lat' dir='ltr'><strong>litaniamm,</strong></span> <span class='ocrx_word' id='word_1_397' title='bbox 607 4124 661 4208; x_wconf 91' lang='lat' dir='ltr'><strong>qui</strong></span> <span class='ocrx_word' id='word_1_398' title='bbox 682 4124 713 4186; x_wconf 91' lang='lat' dir='ltr'><strong>in</strong></span> <span class='ocrx_word' id='word_1_399' title='bbox 734 4123 900 4206; x_wconf 83' lang='lat' dir='ltr'><strong>synodo⁸)</strong></span> <span class='ocrx_word' id='word_1_400' title='bbox 921 4123 1094 4204; x_wconf 85' lang='lat' dir='ltr'><strong>praemissu</strong></span> <span class='ocrx_word' id='word_1_401' title='bbox 1114 4131 1188 4185; x_wconf 90' lang='lat' dir='ltr'><strong>sunt</strong></span> <span class='ocrx_word' id='word_1_402' title='bbox 1207 4123 1259 4186; x_wconf 86' lang='lat' dir='ltr'><strong>in·-</strong></span> 
     </span>
     <span class='ocr_line' id='line_1_46' title="bbox 55 4202 1260 4294; baseline 0.005 -30"><span class='ocrx_word' id='word_1_403' title='bbox 55 4247 65 4256; x_wconf 70' lang='lat'><em>-</em></span> <span class='ocrx_word' id='word_1_404' title='bbox 105 4203 229 4285; x_wconf 89' lang='lat' dir='ltr'><strong>stituti,</strong></span> <span class='ocrx_word' id='word_1_405' title='bbox 264 4203 376 4268; x_wconf 86' lang='lat' dir='ltr'><strong>eodem</strong></span> <span class='ocrx_word' id='word_1_406' title='bbox 404 4204 435 4266; x_wconf 92' lang='lat' dir='ltr'><strong>in</strong></span> <span class='ocrx_word' id='word_1_407' title='bbox 463 4214 624 4292; x_wconf 84' lang='lat' dir='ltr'><strong>temporo,</strong></span> <span class='ocrx_word' id='word_1_408' title='bbox 652 4202 715 4294; x_wconf 84' lang='lat' dir='ltr'><strong>quo</strong></span> <span class='ocrx_word' id='word_1_409' title='bbox 739 4205 821 4290; x_wconf 84' lang='lat' dir='ltr'><strong>jussi</strong></span> <span class='ocrx_word' id='word_1_410' title='bbox 848 4217 923 4272; x_wconf 89' lang='lat' dir='ltr'><strong>sunt</strong></span> <span class='ocrx_word' id='word_1_411' title='bbox 943 4208 1062 4288; x_wconf 82' lang='lat' dir='ltr'><strong>excoli,</strong></span> <span class='ocrx_word' id='word_1_412' title='bbox 1082 4227 1185 4273; x_wconf 82' lang='lat' dir='ltr'><strong>aurruo</strong></span> <span class='ocrx_word' id='word_1_413' title='bbox 1206 4227 1260 4270; x_wconf 89' lang='lat' dir='ltr'><strong>re-</strong></span> 
     </span>
    </p>
   </div>
   <div class='ocr_carea' id='block_1_15' title="bbox 107 4326 304 4342">
    <p class='ocr_par' dir='ltr' id='par_1_15' title="bbox 107 4326 304 4342">
     <span class='ocr_line' id='line_1_47' title="bbox 107 4326 304 4342; baseline 0 0"><span class='ocrx_word' id='word_1_414' title='bbox 107 4326 304 4342; x_wconf 57' lang='lat' dir='ltr'><em>m</em></span> 
     </span>
    </p>
   </div>
   <div class='ocr_carea' id='block_1_16' title="bbox 141 4385 1259 4737">
    <p class='ocr_par' dir='ltr' id='par_1_16' title="bbox 141 4385 1259 4737">
     <span class='ocr_line' id='line_1_48' title="bbox 141 4385 1259 4528; baseline 0.016 -24"><span class='ocrx_word' id='word_1_415' title='bbox 141 4385 172 4520; x_wconf 73' lang='lat' dir='ltr'><strong>:t</strong></span> <span class='ocrx_word' id='word_1_416' title='bbox 189 4386 1002 4528; x_wconf 55' lang='lat' dir='ltr'><strong>triturata.1&gt;²,-3‚trst.·;rutilus</strong></span> <span class='ocrx_word' id='word_1_417' title='bbox 1020 4393 1128 4518; x_wconf 75' lang='lat' dir='ltr'><strong>nr</strong></span> <span class='ocrx_word' id='word_1_418' title='bbox 1146 4390 1189 4520; x_wconf 69' lang='lat'><strong>34⁴:</strong></span> <span class='ocrx_word' id='word_1_419' title='bbox 1224 4424 1259 4436; x_wconf 83' lang='lat'><strong>··</strong></span> 
     </span>
     <span class='ocr_line' id='line_1_49' title="bbox 143 4523 1259 4601; baseline 0.013 -29"><span class='ocrx_word' id='word_1_420' title='bbox 143 4523 172 4586; x_wconf 70' lang='grc' dir='ltr'><strong>ὅ)</strong></span> <span class='ocrx_word' id='word_1_421' title='bbox 190 4540 250 4573; x_wconf 78' lang='lat' dir='ltr'><strong>uuor</strong></span> <span class='ocrx_word' id='word_1_422' title='bbox 266 4528 289 4576; x_wconf 85' lang='lat' dir='ltr'><strong>si</strong></span> <span class='ocrx_word' id='word_1_423' title='bbox 307 4533 385 4580; x_wconf 76' lang='grc' dir='ltr'><strong><em>πππιπ</em></strong></span> <span class='ocrx_word' id='word_1_424' title='bbox 401 4530 457 4581; x_wconf 77' lang='lat' dir='ltr'><strong>uoti</strong></span> <span class='ocrx_word' id='word_1_425' title='bbox 476 4527 599 4596; x_wconf 66' lang='lat' dir='ltr'><strong>hominis,</strong></span> <span class='ocrx_word' id='word_1_426' title='bbox 620 4531 662 4583; x_wconf 76' lang='lat' dir='ltr'><strong>oet</strong></span> <span class='ocrx_word' id='word_1_427' title='bbox 679 4534 789 4584; x_wconf 81' lang='lat' dir='ltr'><strong>alterum</strong></span> <span class='ocrx_word' id='word_1_428' title='bbox 805 4534 953 4598; x_wconf 72' lang='lat' dir='ltr'><strong>torrfeoissat</strong></span> <span class='ocrx_word' id='word_1_429' title='bbox 969 4548 1105 4601; x_wconf 69' lang='lat' dir='ltr'><strong>personum</strong></span> <span class='ocrx_word' id='word_1_430' title='bbox 1115 4535 1149 4586; x_wconf 65' lang='lat' dir='ltr'><strong>,in</strong></span> <span class='ocrx_word' id='word_1_431' title='bbox 1169 4551 1201 4586; x_wconf 88' lang='lat' dir='ltr'><strong>m.</strong></span> <span class='ocrx_word' id='word_1_432' title='bbox 1220 4534 1259 4588; x_wconf 82' lang='lat' dir='ltr'><strong>M.</strong></span> 
     </span>
     <span class='ocr_line' id='line_1_50' title="bbox 141 4591 1258 4670; baseline 0.015 -27"><span class='ocrx_word' id='word_1_433' title='bbox 141 4597 171 4658; x_wconf 64' lang='grc' dir='ltr'><strong>ὓ)</strong></span> <span class='ocrx_word' id='word_1_434' title='bbox 191 4595 205 4644; x_wconf 96' lang='lat' dir='ltr'><strong>l</strong></span> <span class='ocrx_word' id='word_1_435' title='bbox 222 4591 285 4646; x_wconf 83' lang='lat' dir='ltr'><strong>Cor.</strong></span> <span class='ocrx_word' id='word_1_436' title='bbox 299 4597 340 4660; x_wconf 79' lang='lat' dir='ltr'><strong>lo,</strong></span> <span class='ocrx_word' id='word_1_437' title='bbox 357 4599 400 4650; x_wconf 79' lang='lat'><strong>²8.</strong></span> <span class='ocrx_word' id='word_1_438' title='bbox 418 4599 452 4650; x_wconf 86' lang='lat' dir='ltr'><strong>oi.</strong></span> <span class='ocrx_word' id='word_1_439' title='bbox 470 4597 502 4668; x_wconf 77' lang='lat' dir='ltr'><strong>ad</strong></span> <span class='ocrx_word' id='word_1_440' title='bbox 521 4601 704 4654; x_wconf 77' lang='lat' dir='ltr'><strong>antecedentia</strong></span> <span class='ocrx_word' id='word_1_441' title='bbox 720 4601 785 4656; x_wconf 79' lang='lat' dir='ltr'><strong>ilrirl.</strong></span> <span class='ocrx_word' id='word_1_442' title='bbox 802 4616 825 4655; x_wconf 77' lang='lat' dir='ltr'><strong>v.</strong></span> <span class='ocrx_word' id='word_1_443' title='bbox 845 4601 886 4658; x_wconf 78' lang='lat'><strong>25.</strong></span> <span class='ocrx_word' id='word_1_444' title='bbox 905 4603 947 4655; x_wconf 76' lang='lat'><strong>42.</strong></span> <span class='ocrx_word' id='word_1_445' title='bbox 983 4631 1017 4641; x_wconf 92' lang='lat'>-</span> <span class='ocrx_word' id='word_1_446' title='bbox 1054 4605 1082 4670; x_wconf 68' lang='grc' dir='ltr'><strong>ἵ)</strong></span> <span class='ocrx_word' id='word_1_447' title='bbox 1100 4607 1157 4656; x_wconf 78' lang='lat' dir='ltr'><strong>Act.</strong></span> <span class='ocrx_word' id='word_1_448' title='bbox 1174 4605 1199 4667; x_wconf 78' lang='lat' dir='ltr'><strong>i,</strong></span> <span class='ocrx_word' id='word_1_449' title='bbox 1216 4605 1258 4660; x_wconf 82' lang='lat'><strong>12..</strong></span> 
     </span>
     <span class='ocr_line' id='line_1_51' title="bbox 142 4663 874 4737; baseline 0.018 -24"><span class='ocrx_word' id='word_1_450' title='bbox 142 4663 676 4737; x_wconf 78' lang='lat' dir='ltr'><strong>⁸]eonc.Toret.V.‚·o.1.tv.‚o.2.</strong></span> <span class='ocrx_word' id='word_1_451' title='bbox 712 4699 746 4713; x_wconf 54' lang='grc' dir='ltr'><strong><em>α</em></strong></span> <span class='ocrx_word' id='word_1_452' title='bbox 869 4683 874 4690; x_wconf 92' lang='grc'><strong>’</strong></span> 
     </span>
    </p>
   </div>
   <div class='ocr_carea' id='block_1_17' title="bbox 0 0 1472 5060">
    <p class='ocr_par' dir='ltr' id='par_1_17' title="bbox 0 0 1472 5060">
     <span class='ocr_line' id='line_1_52' title="bbox 0 0 1472 5060; baseline 0 0"><span class='ocrx_word' id='word_1_453' title='bbox 0 0 1472 5060; x_wconf 95' lang='lat' dir='ltr'><strong> </strong></span> 
     </span>
    </p>
   </div>
  </div>
 </body>
</html>
