2912 5060
219 269 288 342 acl
485 271 727 344 GONOllrlUbl
747 273 1019 342 'l'OlAE'l'ANUM
1035 275 1119 342 Vlll.

761 445 818 509 xr.
1440 433 1441 510 l

313 531 507 598 Undecimae
542 531 720 594 occasionis
756 532 885 599 articulo
922 531 1119 594 decretorum
1150 529 1380 596 universalium
1440 527 1441 618 l

220 637 358 702 perenne
379 617 521 681 dedimus
540 616 783 700 firmamentum,
809 618 950 680 scientes
977 617 1061 698 quod
1082 616 1262 679 multimoda
1284 635 1380 679 sem·
1440 633 1441 640 ¹

220 704 378 787 perdens
399 703 596 784 oppositione
610 701 642 782 ι)
653 699 837 781 judiciorum
860 721 1039 784 aerumnam
1060 703 1180 764 relevet
1197 721 1380 784 ,oppresso-
1440 721 1441 738 .

221 807 309 872 runi,
342 799 376 852 et
409 790 494 851 sieut
529 787 619 849 malis
647 789 849 871 exigentibus
875 789 1030 850 hominum
1055 789 1206 868 permittit
1232 790 1379 851 exerceri
1440 759 1441 806 ¹

156 883 157 888 ’
221 876 368 959 penurias
378 873 413 954 ι)
434 873 594 952 ultionum,
615 873 660 934 ita
683 891 755 936 cum
774 874 909 936 voluerit
929 872 1118 956 gravedines
1138 875 1259 935 relevat
1278 893 1378 955 pres-
1439 825 1441 928 d

220 979 372 1027 surarum.
408 961 492 1022 Hinc
513 966 547 1019 et
568 957 697 1021 decreta
717 959 969 1040 praecedentium
988 967 1110 1039 patrum
1131 959 1172 1020 ad
1193 961 1376 1022 contentio-

222 1048 272 1110 nis
294 1046 432 1130 jurgium
459 1041 609 1106 radicitus
630 1045 826 1106 evellendum
847 1046 906 1106 rita
925 1043 1109 1128 synodalem
1129 1044 1196 1105 lieri
1217 1063 1374 1107 censuere
1439 995 1441 1130 l

222 1142 427 1212 conventum,
455 1138 493 1192 ut
512 1129 575 1192 illic
594 1127 778 1192 diversitate
790 1129 825 1210 8)
847 1127 1033 1210 judiciorum
1054 1137 1222 1210 protensae
1234 1130 1270 1208 ι)
1297 1131 1373 1194 lites
1439 1159 1441 1200 l

221 1217 359 1281 habeant
385 1217 567 1297 terminum,
592 1213 645 1276 ubi
673 1224 805 1277 sanctus
831 1215 959 1296 spiritus
979 1215 1189 1278 universalem
1209 1216 1374 1280 coaduna-
1440 1209 1441 1226 ¹

221 1304 304 1364 verit
330 1309 465 1366 coetum.
504 1299 556 1362 Ab
585 1299 647 1362 boc
675 1319 752 1383 ergo
778 1301 888 1381 spiritu
914 1309 1027 1363 sancto
1048 1303 1197 1364 succensi
1215 1322 1257 1363 ne
1278 1304 1372 1384 quili-

220 1385 321 1466 betl)
349 1387 541 1467 inposterum
562 1393 618 1446 aut
638 1385 763 1466 impune
781 1386 911 1447 valeant
932 1385 1165 1464 commoverit)
1192 1395 1247 1448 aut
1268 1407 1373 1471 gene-

221 1474 299 1540 ralia
326 1471 647 1536 statuta-convellere
660 1469 710 1551 ⁷),
740 1471 834 1552 plena
854 1468 1048 1534 decernimus
1067 1472 1272 1535 unanimitate
1291 1491 1370 1536 con-

221 1559 312 1640 nexi,
338 1567 374 1621 ut
395 1573 611 1640 quaecumque
632 1575 687 1636 pro
704 1556 778 1618 fidei
798 1557 904 1620 causis
926 1557 1216 1638 ecclesiasticisque
1234 1560 1372 1641 negotiis

222 1653 279 1707 aut
300 1645 332 1705 in
350 1642 530 1725 praeteritis
549 1643 654 1724 gestis
675 1651 729 1704 aut
749 1643 780 1703 in
800 1643 1018 1724 praesentibus
1038 1643 1219 1704 constitutis
1243 1654 1300 1706 aut
1319 1645 1373 1708 fu-

222 1732 302 1793 turis
324 1731 419 1792 etiam
441 1728 474 1789 iu
494 1726 632 1790 decretis
651 1728 705 1788 vel
725 1727 843 1807 sunt⁸)
871 1729 925 1790 vel
951 1728 1065 1790 luerint
1092 1727 1270 1792 delinitione
1293 1747 1373 1792 con-

223 1817 343 1896 scripta
371 1813 556 1876 universalis
586 1813 780 1875 auctoritatis
790 1812 842 1894 ο),
871 1814 974 1876 nullus
999 1813 1052 1875 hic
1072 1813 1223 1895 deinceps
1244 1825 1372 1878 contra-

223 1901 329 1965 dicere
351 1899 482 1980 audeat,
505 1899 607 1960 nullus
627 1917 667 1960 ea
687 1899 885 1961 reverberare
898 1898 952 1977 ιο)
972 1908 1167 1981 praesumat,
1186 1902 1289 1964 nullus
1310 1923 1372 1964 non
1440 1915 1441 1920 ’

222 1988 351 2068 implere
377 1984 557 2049 contendat.
602 1983 686 2045 Nam
713 1985 742 2045 si
762 1987 833 2065 quis
853 2003 896 2045 ex
916 1985 1068 2067 religione
1090 1994 1198 2048 contra
1218 1987 1302 2049 haec
1322 1989 1372 2050 in-

222 2072 374 2134 obediens
407 2077 462 2132 aut
493 2086 658 2130 susurrans
694 2078 749 2130 aut
765 2068 820 2148 Η)
849 2076 936 2132 certa
967 2071 1121 2132 lacerator
1151 2079 1207 2133 aut
1236 2073 1370 2152 invidus,

224 2176 265 2220 ac
279 2156 334 2234 Η)
360 2174 422 2216 non
447 2155 552 2235 potius
574 2153 752 2215 eorumdem
773 2155 875 2216 fautor
894 2155 1033 2217 extiterit
1054 2156 1230 2240 gratiosus,
1258 2165 1291 2220 et
1311 2160 1372 2220 ho-

223 2243 309 2307 noris
322 2240 377 2318 18)
398 2240 448 2302 sui
467 2247 500 2301 et
521 2241 747 2302 communionis
767 2249 898 2302 sanctae
918 2241 1029 2323 lugeat
1050 2243 1217 2304 amissione
1237 2245 1371 2306 mulcta·-

223 2335 286 2392 tus.
328 2325 410 2389 Cum
436 2344 513 2387 vero
541 2326 698 2406 quaelibet
724 2335 837 2388 sancta
864 2327 1006 2408 synodus
1032 2327 1137 2409 agitur
1162 2337 1217 2390 aut
1238 2329 1366 2410 pacifice

224 2415 305 2477 lnter
318 2413 486 2494 episcopos
498 2409 552 2489 14)
570 2411 725 2492 quidpiam
742 2411 895 2491 definitur,
917 2412 946 2473 si
964 2413 1129 2492 pauciores
1148 2431 1205 2492 per
1223 2416 1370 2477 nescien-

223 2501 301 2563 tiam
327 2499 380 2559 vel
410 2497 672 2576 contemptionem
690 2496 745 2574 Η)
774 2497 854 2559 forte
882 2497 1084 2580 dissentiant,
1115 2507 1169 2559 aut
1195 2501 1372 2562 commoniti

223 2587 419 2669 plurimorum
447 2584 624 2644 sententiae
653 2581 782 2663 cedant,
811 2590 865 2644 aut
892 2584 931 2644 ab
960 2601 1066 2644 eorum
1092 2593 1187 2645 coetu
1214 2605 1286 2648 oum
1315 2585 1373 2648 de-

224 2672 339 2734 decore
359 2668 552 2731 contusionis
572 2667 746 2731 abscedant
767 2675 801 2730 et
815 2665 870 2748 ¹⁰)
901 2669 1230 2734 excommunicationis
1249 2691 1373 2735 annuae

223 2755 410 2821 sententiam
430 2755 541 2832 luant„
763 2837 825 2900 ΧΠ

307 2921 566 3002 Duodecima1')
581 2939 662 3003 quae
683 2931 735 2984 est
755 2921 857 2985 finalis
878 2931 912 2984 et
932 2923 1041 2985 ultima
1062 2923 1267 2986 sacratissimi
1287 2925 1373 3006 prin-

225 3012 306 3094 cipis
333 3011 561 3074 obsecratione
578 3008 720 3087 piissima
745 3027 801 3089 pro
821 3008 1012 3070 Judaeomm
1034 3009 1227 3071 abominabili
1253 3029 1293 3073 ac
1313 3031 1374 3072 ne-

224 3097 319 3163 fanda
339 3095 468 3176 perfidia
489 3093 667 3155 execranda
693 3103 799 3154 nostro
827 3095 933 3155 coetui
957 3097 1113 3176 perpatuit
1139 3115 1252 3177 causa,
1281 3115 1375 3178 quam

224 3185 341 3247 idcirco
369 3182 400 3242 in
429 3179 491 3241 fine
517 3179 741 3240 sententiarum
768 3179 949 3242 censuimus
975 3199 1049 3241 esse
1074 3181 1264 3260 ponendam,
1293 3201 1375 3262 quo-

224 3273 308 3336 niam
336 3265 477 3328 eamdem
502 3273 631 3348 gentem
659 3263 765 3326 delicti
785 3267 834 3327 sui
853 3265 964 3326 merito
984 3265 1193 3328 retroductam
1213 3286 1270 3348 per
1291 3267 1375 3329 divi-

225 3375 286 3419 nae
308 3353 480 3416 sanctionis
500 3351 626 3412 oracula
650 3369 670 3412 a
694 3353 798 3430 capite
826 3350 1028 3431 positam¹⁸)
1056 3350 1207 3414 deflemus
1232 3353 1264 3413 in
1293 3372 1374 3415 cau-

225 3441 297 3504 dam
310 3438 375 3516 Η’).
416 3437 483 3500 Sed
509 3437 583 3518 quia
603 3435 749 3498 Christus
773 3445 809 3497 nt
834 3455 889 3516 pro
915 3435 1005 3497 nobis
1026 3435 1072 3496 ita
1092 3455 1215 3518 quoque
1236 3457 1292 3518 pro
1313 3441 1372 3502 illis

226 3534 279 3588 est
299 3532 453 3603 mortuus,
469 3521 563 3602 juxta
583 3521 666 3600 quod
686 3523 755 3602 ipse
777 3520 903 3600 ait²⁰):
930 3518 1005 3583 Noa
1025 3539 1093 3582 sum
1114 3525 1227 3584 missus
1247 3526 1314 3586 nisi
1331 3525 1375 3587 cd

227 3627 309 3686 ovea,
332 3629 412 3691 qaae
427 3609 596 3691 perierant
616 3607 725 3667 domus
744 3605 847 3668 Israel
856 3627 869 3680 ,·
889 3607 1102 3668 necessarium
1121 3607 1265 3670 duximus
1286 3629 1375 3673 sum-

226 3714 310 3760 mam
329 3713 385 3775 pro
407 3696 455 3756 eis
475 3691 652 3772 impendere
674 3709 795 3772 curam,
822 3711 877 3772 pro
900 3691 1011 3772 quibus
1031 3709 1121 3752 suam
1142 3693 1288 3758 Christus
1312 3715 1373 3776 po-

226 3801 303 3847 nere
322 3787 385 3842 non
406 3779 595 3862 dedignatus
617 3785 668 3838 est
687 3779 835 3859 animam3
855 3776 989 3857 ideoque
1009 3776 1170 3857 principali
1190 3779 1373 3842 elementiae

208 3866 433 3933 'devotissime
460 3861 765 3948 praefaventes²¹)‚
794 3879 875 3945 quae
905 3863 945 3924 ob
971 3861 1034 3925 hoo
1060 3863 1111 3925 sui
1137 3865 1226 3946 regni
1252 3867 1373 3949 apicem
1409 3873 1416 3898 ·

227 4008 426 4030 μ

262 4071 294 4209 ἓ)
309 4066 634 4207 ttttltttlllll·
647 4093 697 4176 j·
718 4059 1107 4202 ilttlttdmsslllf
1118 4066 1377 4192 iiiiii'iiii

266 4215 295 4280 a)
313 4207 418 4260 conaelle·
435 4203 499 4254 ibid.
533 4230 569 4242 -
616 4203 645 4273 ⁸)
663 4203 770 4254 eelsint
787 4202 815 4252 in
833 4205 869 4265 ι,
886 4204 1004 4267 prosint
1022 4201 1049 4254 in
1067 4219 1101 4256 m.
1119 4206 1157 4257 M.
1191 4235 1227 4246 -
1270 4208 1300 4276 θ)
1317 4213 1377 4261 rmi-

227 4285 228 4291 ’
297 4277 393 4331 corsola·
408 4274 562 4325 auctoritate
577 4272 615 4325 M.
657 4304 693 4315 -
739 4271 788 4338 1⁰)
806 4277 917 4322 mutere
932 4273 969 4325 M.
1010 4299 1045 4310 —-
1091 4276 1139 4342 11)
1157 4277 1197 4328 vel
1212 4277 1251 4328 M.
1287 4305 1324 4320 ·-

246 4348 297 4418 1²)
312 4354 358 4398 cat
374 4346 413 4398 M.
437 4371 473 4382 -
505 4341 555 4410 1ὅ)
569 4343 657 4410 prolia
675 4351 699 4396 at
716 4341 809 4394 bonore
825 4338 854 4392 in
871 4355 906 4392 m.
922 4341 960 4394 M.
983 4370 1018 4382 ·—
1043 4341 1093 4410 ¹⁴)
1110 4346 1241 4412 pontifices
1258 4347 1304 4400 AE.
1322 4347 1377 4400 BR.

298 4416 332 4469 ll.
346 4414 372 4467 4.
391 4415 426 4467 Τ.
437 4415 462 4465 1.
477 4413 517 4477 2,
535 4418 562 4465 et
576 4415 628 4478 M„
644 4413 775 4482 pontifices
791 4427 822 4462 oo
838 4411 918 4462 laicos
935 4412 967 4464 U.
985 4411 1018 4464 G.
1053 4440 1086 4452 -
1129 4413 1178 4480 Η)
1196 4421 1380 4468 contentionem

299 4487 333 4540 E.
344 4485 370 4538 4.
387 4485 421 4538 T.
433 4484 459 4536 l.
507 4512 544 4524 ·-
595 4481 645 4553 1⁶)
661 4482 751 4536 notin
768 4497 803 4534 m.
821 4481 860 4534 M.
898 4509 934 4523 --
975 4480 1025 4550 Η)
1040 4483 1209 4536 Duodecimne
1224 4489 1380 4556 pacationis

299 4555 473 4625 propositione
490 4554 519 4610 in
534 4571 569 4606 m.
587 4556 624 4610 M.
658 4583 694 4595 -
733 4550 783 4620 1⁸)
800 4557 938 4617 sepositam
955 4547 1019 4604 ibid.
1054 4582 1090 4592 —
1130 4553 1179 4621 ¹⁹)
1197 4572 1263 4608 canc
1278 4572 1333 4608 esse
1353 4560 1380 4609 in

301 4625 385 4750 ..app
409 4622 473 4680 ritu.
533 4653 568 4666 -
635 4624 686 4696 ιο)
710 4601 805 4678 idern.
822 4620 872 4688 rs,
893 4621 938 4676 m.
993 4649 1029 4662 -
1095 4621 1146 4691 υ)
1171 4623 1330 4694 epotata
1352 4627 1380 4680 n

296 4711 332 4750 ma
380 4733 386 4752 a
420 4725 455 4738 ⁸·
956 4718 962 4724 ”
