<?xml version="1.0" encoding="UTF-8"?>
<!DOCTYPE html PUBLIC "-//W3C//DTD XHTML 1.0 Transitional//EN"
    "http://www.w3.org/TR/xhtml1/DTD/xhtml1-transitional.dtd">
<html xmlns="http://www.w3.org/1999/xhtml" xml:lang="en" lang="en">
 <head>
  <title>
</title>
<meta http-equiv="Content-Type" content="text/html;charset=utf-8" />
  <meta name='ocr-system' content='tesseract 3.04.00' />
  <meta name='ocr-capabilities' content='ocr_page ocr_carea ocr_par ocr_line ocrx_word'/>
</head>
<body>
  <div class='ocr_page' id='page_1' title='image "./canonesapostolo00brungoog/canonesapostolo00brungoog_0188.png"; bbox 0 0 2916 5050; ppageno 0'>
   <div class='ocr_carea' id='block_1_1' title="bbox 357 237 1264 346">
    <p class='ocr_par' dir='ltr' id='par_1_1' title="bbox 357 237 1264 346">
     <span class='ocr_line' id='line_1_1' title="bbox 357 237 1264 346; baseline 0.004 -38"><span class='ocrx_word' id='word_1_1' title='bbox 357 237 753 346; x_wconf 61' lang='lat' dir='ltr'><strong>&lt;connumerans</strong></span> <span class='ocrx_word' id='word_1_2' title='bbox 774 239 1009 317; x_wconf 71' lang='lat' dir='ltr'><strong>armemus.</strong></span> <span class='ocrx_word' id='word_1_3' title='bbox 1200 247 1264 314; x_wconf 82' lang='lat' dir='ltr'><strong>rra</strong></span> 
     </span>
    </p>
   </div>
   <div class='ocr_carea' id='block_1_2' title="bbox 13 411 1354 2202">
    <p class='ocr_par' dir='ltr' id='par_1_2' title="bbox 13 411 1354 2202">
     <span class='ocr_line' id='line_1_2' title="bbox 107 411 1262 502; baseline 0.001 -18"><span class='ocrx_word' id='word_1_4' title='bbox 107 411 300 484; x_wconf 82' lang='lat' dir='ltr'><strong>memoratus</strong></span> <span class='ocrx_word' id='word_1_5' title='bbox 311 413 509 478; x_wconf 22' lang='lat' dir='ltr'><strong>,venerabilis</strong></span> <span class='ocrx_word' id='word_1_6' title='bbox 528 413 627 478; x_wconf 83' lang='lat' dir='ltr'><strong>freter</strong></span> <span class='ocrx_word' id='word_1_7' title='bbox 643 417 677 476; x_wconf 91' lang='lat' dir='ltr'><strong>et</strong></span> <span class='ocrx_word' id='word_1_8' title='bbox 697 412 822 498; x_wconf 81' lang='lat' dir='ltr'><strong>eohegn</strong></span> <span class='ocrx_word' id='word_1_9' title='bbox 842 424 950 480; x_wconf 86' lang='lat' dir='ltr'><strong>noster</strong></span> <span class='ocrx_word' id='word_1_10' title='bbox 969 415 1178 502; x_wconf 68' lang='lat' dir='ltr'><strong>Anastasius,</strong></span> <span class='ocrx_word' id='word_1_11' title='bbox 1198 437 1262 501; x_wconf 90' lang='lat' dir='ltr'><strong>qno</strong></span> 
     </span>
     <span class='ocr_line' id='line_1_3' title="bbox 106 501 1262 583; baseline -0.001 -14"><span class='ocrx_word' id='word_1_12' title='bbox 106 505 233 570; x_wconf 87' lang='lat' dir='ltr'><strong>noverit</strong></span> <span class='ocrx_word' id='word_1_13' title='bbox 253 501 370 566; x_wconf 88' lang='lat' dir='ltr'><strong>habere</strong></span> <span class='ocrx_word' id='word_1_14' title='bbox 390 501 527 564; x_wconf 81' lang='lat' dir='ltr'><strong>Africam</strong></span> <span class='ocrx_word' id='word_1_15' title='bbox 547 517 695 582; x_wconf 79' lang='lat' dir='ltr'><strong>magnam</strong></span> <span class='ocrx_word' id='word_1_16' title='bbox 715 502 939 564; x_wconf 87' lang='lat' dir='ltr'><strong>necessitatem</strong></span> <span class='ocrx_word' id='word_1_17' title='bbox 959 511 1085 583; x_wconf 90' lang='lat' dir='ltr'><strong>propter</strong></span> <span class='ocrx_word' id='word_1_18' title='bbox 1103 503 1262 568; x_wconf 87' lang='lat' dir='ltr'><strong>ecclesias</strong></span> 
     </span>
     <span class='ocr_line' id='line_1_4' title="bbox 13 583 1354 674; baseline 0 -20"><span class='ocrx_word' id='word_1_19' title='bbox 13 583 17 594; x_wconf 85' lang='lat'>&#39;</span> <span class='ocrx_word' id='word_1_20' title='bbox 106 609 221 674; x_wconf 87' lang='lat' dir='ltr'><strong>pacem</strong></span> <span class='ocrx_word' id='word_1_21' title='bbox 242 595 276 651; x_wconf 89' lang='lat' dir='ltr'><strong>et</strong></span> <span class='ocrx_word' id='word_1_22' title='bbox 297 588 480 667; x_wconf 80' lang='lat' dir='ltr'><strong>utilitatem,</strong></span> <span class='ocrx_word' id='word_1_23' title='bbox 503 593 539 646; x_wconf 89' lang='lat' dir='ltr'><strong>ut</strong></span> <span class='ocrx_word' id='word_1_24' title='bbox 561 593 594 646; x_wconf 88' lang='lat' dir='ltr'><strong>et</strong></span> <span class='ocrx_word' id='word_1_25' title='bbox 615 583 732 666; x_wconf 86' lang='lat' dir='ltr'><strong>ipsis¹)</strong></span> <span class='ocrx_word' id='word_1_26' title='bbox 749 585 924 650; x_wconf 83' lang='lat' dir='ltr'><strong>Donatistis</strong></span> <span class='ocrx_word' id='word_1_27' title='bbox 948 589 1134 670; x_wconf 82' lang='lat' dir='ltr'><strong>quicumque</strong></span> <span class='ocrx_word' id='word_1_28' title='bbox 1155 590 1261 654; x_wconf 88' lang='lat' dir='ltr'><strong>clerici</strong></span> <span class='ocrx_word' id='word_1_29' title='bbox 1332 595 1354 618; x_wconf 93' lang='grc'><strong>·’</strong></span> 
     </span>
     <span class='ocr_line' id='line_1_5' title="bbox 109 670 1261 760; baseline -0.002 -20"><span class='ocrx_word' id='word_1_30' title='bbox 109 683 251 740; x_wconf 87' lang='lat' dir='ltr'><strong>correcto</strong></span> <span class='ocrx_word' id='word_1_31' title='bbox 273 673 403 760; x_wconf 84' lang='lat' dir='ltr'><strong>consilio</strong></span> <span class='ocrx_word' id='word_1_32' title='bbox 425 671 466 732; x_wconf 89' lang='lat' dir='ltr'><strong>ad</strong></span> <span class='ocrx_word' id='word_1_33' title='bbox 487 670 672 732; x_wconf 87' lang='lat' dir='ltr'><strong>catholicam</strong></span> <span class='ocrx_word' id='word_1_34' title='bbox 693 671 842 732; x_wconf 87' lang='lat' dir='ltr'><strong>unitatem</strong></span> <span class='ocrx_word' id='word_1_35' title='bbox 864 674 994 734; x_wconf 88' lang='lat' dir='ltr'><strong>transire</strong></span> <span class='ocrx_word' id='word_1_36' title='bbox 1013 675 1182 756; x_wconf 89' lang='lat' dir='ltr'><strong>voluerint,</strong></span> <span class='ocrx_word' id='word_1_37' title='bbox 1203 694 1261 738; x_wconf 65' lang='lat' dir='ltr'><strong>se*</strong></span> 
     </span>
     <span class='ocr_line' id='line_1_6' title="bbox 108 752 1263 841; baseline 0.001 -18"><span class='ocrx_word' id='word_1_38' title='bbox 108 760 243 824; x_wconf 88' lang='lat' dir='ltr'><strong>cundum</strong></span> <span class='ocrx_word' id='word_1_39' title='bbox 262 755 509 838; x_wconf 88' lang='lat' dir='ltr'><strong>uniuscujusque</strong></span> <span class='ocrx_word' id='word_1_40' title='bbox 531 752 672 837; x_wconf 80' lang='lat' dir='ltr'><strong>episcopi</strong></span> <span class='ocrx_word' id='word_1_41' title='bbox 690 755 839 818; x_wconf 76' lang='lat' dir='ltr'><strong>catholici</strong></span> <span class='ocrx_word' id='word_1_42' title='bbox 854 758 1045 821; x_wconf 88' lang='lat' dir='ltr'><strong>voluntatem</strong></span> <span class='ocrx_word' id='word_1_43' title='bbox 1065 768 1160 841; x_wconf 88' lang='lat' dir='ltr'><strong>atque</strong></span> <span class='ocrx_word' id='word_1_44' title='bbox 1182 780 1263 826; x_wconf 75' lang='lat' dir='ltr'><strong>con·-</strong></span> 
     </span>
     <span class='ocr_line' id='line_1_7' title="bbox 106 841 1260 926; baseline 0.002 -19"><span class='ocrx_word' id='word_1_45' title='bbox 106 847 228 926; x_wconf 91' lang='lat' dir='ltr'><strong>silium,</strong></span> <span class='ocrx_word' id='word_1_46' title='bbox 265 843 375 926; x_wconf 91' lang='lat' dir='ltr'><strong>quiin</strong></span> <span class='ocrx_word' id='word_1_47' title='bbox 407 841 519 903; x_wconf 90' lang='lat' dir='ltr'><strong>eodem</strong></span> <span class='ocrx_word' id='word_1_48' title='bbox 545 841 616 903; x_wconf 93' lang='lat' dir='ltr'><strong>loco</strong></span> <span class='ocrx_word' id='word_1_49' title='bbox 642 841 796 922; x_wconf 82' lang='lat' dir='ltr'><strong>gubernat</strong></span> <span class='ocrx_word' id='word_1_50' title='bbox 823 843 1009 924; x_wconf 88' lang='lat' dir='ltr'><strong>ecclesiam,</strong></span> <span class='ocrx_word' id='word_1_51' title='bbox 1039 844 1068 906; x_wconf 93' lang='lat' dir='ltr'><strong>si</strong></span> <span class='ocrx_word' id='word_1_52' title='bbox 1097 845 1159 908; x_wconf 93' lang='lat' dir='ltr'><strong>hoc</strong></span> <span class='ocrx_word' id='word_1_53' title='bbox 1188 847 1260 926; x_wconf 86' lang='lat' dir='ltr'><strong>paci</strong></span> 
     </span>
     <span class='ocr_line' id='line_1_8' title="bbox 108 925 1274 1010; baseline -0.001 -16"><span class='ocrx_word' id='word_1_54' title='bbox 108 931 298 994; x_wconf 88' lang='lat' dir='ltr'><strong>christianae</strong></span> <span class='ocrx_word' id='word_1_55' title='bbox 317 925 471 1008; x_wconf 80' lang='lat' dir='ltr'><strong>prodesse</strong></span> <span class='ocrx_word' id='word_1_56' title='bbox 491 927 596 988; x_wconf 85' lang='lat' dir='ltr'><strong>visum</strong></span> <span class='ocrx_word' id='word_1_57' title='bbox 617 925 726 1005; x_wconf 82' lang='lat' dir='ltr'><strong>fuerit,</strong></span> <span class='ocrx_word' id='word_1_58' title='bbox 753 927 784 986; x_wconf 93' lang='lat' dir='ltr'><strong>in</strong></span> <span class='ocrx_word' id='word_1_59' title='bbox 806 927 873 988; x_wconf 93' lang='lat' dir='ltr'><strong>suis</strong></span> <span class='ocrx_word' id='word_1_60' title='bbox 894 927 1060 991; x_wconf 84' lang='lat' dir='ltr'><strong>honoribus</strong></span> <span class='ocrx_word' id='word_1_61' title='bbox 1081 932 1274 1010; x_wconf 64' lang='lat' dir='ltr'><strong>suscipiam·</strong></span> 
     </span>
     <span class='ocr_line' id='line_1_9' title="bbox 107 1009 1261 1096; baseline 0.001 -19"><span class='ocrx_word' id='word_1_62' title='bbox 107 1025 173 1096; x_wconf 90' lang='lat' dir='ltr'><strong>tur,</strong></span> <span class='ocrx_word' id='word_1_63' title='bbox 201 1017 285 1076; x_wconf 88' lang='lat' dir='ltr'><strong>siout</strong></span> <span class='ocrx_word' id='word_1_64' title='bbox 309 1013 461 1092; x_wconf 86' lang='lat' dir='ltr'><strong>prioribus</strong></span> <span class='ocrx_word' id='word_1_65' title='bbox 492 1010 632 1091; x_wconf 89' lang='lat' dir='ltr'><strong>ejusdem</strong></span> <span class='ocrx_word' id='word_1_66' title='bbox 653 1009 814 1071; x_wconf 88' lang='lat' dir='ltr'><strong>divisionis</strong></span> <span class='ocrx_word' id='word_1_67' title='bbox 836 1014 1025 1092; x_wconf 88' lang='lat' dir='ltr'><strong>temporibus</strong></span> <span class='ocrx_word' id='word_1_68' title='bbox 1045 1014 1163 1076; x_wconf 81' lang='lat' dir='ltr'><strong>facturn</strong></span> <span class='ocrx_word' id='word_1_69' title='bbox 1185 1035 1261 1078; x_wconf 90' lang='lat' dir='ltr'><strong>esse</strong></span> 
     </span>
     <span class='ocr_line' id='line_1_10' title="bbox 109 1095 1261 1174; baseline 0.002 -12"><span class='ocrx_word' id='word_1_70' title='bbox 109 1100 309 1162; x_wconf 86' lang='lat' dir='ltr'><strong>manifestum</strong></span> <span class='ocrx_word' id='word_1_71' title='bbox 330 1105 390 1160; x_wconf 88' lang='lat' dir='ltr'><strong>est.</strong></span> <span class='ocrx_word' id='word_1_72' title='bbox 441 1095 532 1172; x_wconf 83' lang='lat' dir='ltr'><strong>Quod</strong></span> <span class='ocrx_word' id='word_1_73' title='bbox 553 1097 715 1157; x_wconf 83' lang='lat' dir='ltr'><strong>multarum</strong></span> <span class='ocrx_word' id='word_1_74' title='bbox 738 1104 771 1156; x_wconf 89' lang='lat' dir='ltr'><strong>et</strong></span> <span class='ocrx_word' id='word_1_75' title='bbox 790 1114 871 1174; x_wconf 89' lang='lat' dir='ltr'><strong>pene</strong></span> <span class='ocrx_word' id='word_1_76' title='bbox 892 1099 1026 1158; x_wconf 89' lang='lat' dir='ltr'><strong>omnium</strong></span> <span class='ocrx_word' id='word_1_77' title='bbox 1046 1099 1261 1164; x_wconf 88' lang='lat' dir='ltr'><strong>Africanarum</strong></span> 
     </span>
     <span class='ocr_line' id='line_1_11' title="bbox 111 1181 1262 1264; baseline 0 -16"><span class='ocrx_word' id='word_1_78' title='bbox 111 1184 325 1262; x_wconf 87' lang='lat' dir='ltr'><strong>ecelesiarum,</strong></span> <span class='ocrx_word' id='word_1_79' title='bbox 341 1183 372 1242; x_wconf 91' lang='lat' dir='ltr'><strong>in</strong></span> <span class='ocrx_word' id='word_1_80' title='bbox 386 1182 499 1262; x_wconf 91' lang='lat' dir='ltr'><strong>quibus</strong></span> <span class='ocrx_word' id='word_1_81' title='bbox 511 1181 582 1242; x_wconf 87' lang='lat' dir='ltr'><strong>talis</strong></span> <span class='ocrx_word' id='word_1_82' title='bbox 604 1199 686 1240; x_wconf 89' lang='lat' dir='ltr'><strong>error</strong></span> <span class='ocrx_word' id='word_1_83' title='bbox 708 1187 835 1242; x_wconf 87' lang='lat' dir='ltr'><strong>exortus</strong></span> <span class='ocrx_word' id='word_1_84' title='bbox 857 1189 917 1264; x_wconf 89' lang='lat' dir='ltr'><strong>est,</strong></span> <span class='ocrx_word' id='word_1_85' title='bbox 931 1183 1075 1263; x_wconf 88' lang='lat' dir='ltr'><strong>exempla</strong></span> <span class='ocrx_word' id='word_1_86' title='bbox 1091 1193 1262 1248; x_wconf 85' lang='lat' dir='ltr'><strong>testantur:</strong></span> 
     </span>
     <span class='ocr_line' id='line_1_12' title="bbox 109 1263 1261 1347; baseline 0.002 -18"><span class='ocrx_word' id='word_1_87' title='bbox 109 1263 173 1330; x_wconf 90' lang='lat' dir='ltr'><strong>rron</strong></span> <span class='ocrx_word' id='word_1_88' title='bbox 193 1277 229 1328; x_wconf 91' lang='lat' dir='ltr'><strong>ut</strong></span> <span class='ocrx_word' id='word_1_89' title='bbox 243 1267 407 1330; x_wconf 86' lang='lat' dir='ltr'><strong>concilium</strong></span> <span class='ocrx_word' id='word_1_90' title='bbox 424 1265 508 1347; x_wconf 92' lang='lat' dir='ltr'><strong>quod</strong></span> <span class='ocrx_word' id='word_1_91' title='bbox 528 1266 560 1326; x_wconf 92' lang='lat' dir='ltr'><strong>in</strong></span> <span class='ocrx_word' id='word_1_92' title='bbox 581 1265 791 1328; x_wconf 86' lang='lat' dir='ltr'><strong>transmarinis</strong></span> <span class='ocrx_word' id='word_1_93' title='bbox 811 1267 950 1344; x_wconf 89' lang='lat' dir='ltr'><strong>partibus</strong></span> <span class='ocrx_word' id='word_1_94' title='bbox 965 1267 1005 1328; x_wconf 87' lang='lat' dir='ltr'><strong>de</strong></span> <span class='ocrx_word' id='word_1_95' title='bbox 1017 1269 1079 1330; x_wconf 90' lang='lat' dir='ltr'><strong>hac</strong></span> <span class='ocrx_word' id='word_1_96' title='bbox 1095 1289 1129 1330; x_wconf 93' lang='lat' dir='ltr'><strong>re</strong></span> <span class='ocrx_word' id='word_1_97' title='bbox 1144 1271 1261 1336; x_wconf 87' lang='lat' dir='ltr'><strong>factum</strong></span> 
     </span>
     <span class='ocr_line' id='line_1_13' title="bbox 109 1350 1260 1434; baseline 0.002 -19"><span class='ocrx_word' id='word_1_98' title='bbox 109 1361 161 1415; x_wconf 89' lang='lat' dir='ltr'><strong>est</strong></span> <span class='ocrx_word' id='word_1_99' title='bbox 190 1352 402 1432; x_wconf 89' lang='lat' dir='ltr'><strong>dissolvatur,</strong></span> <span class='ocrx_word' id='word_1_100' title='bbox 430 1350 488 1412; x_wconf 90' lang='lat' dir='ltr'><strong>sed</strong></span> <span class='ocrx_word' id='word_1_101' title='bbox 508 1358 543 1434; x_wconf 88' lang='lat' dir='ltr'><strong>ut</strong></span> <span class='ocrx_word' id='word_1_102' title='bbox 564 1350 639 1410; x_wconf 91' lang='lat' dir='ltr'><strong>illud</strong></span> <span class='ocrx_word' id='word_1_103' title='bbox 659 1358 783 1410; x_wconf 88' lang='lat' dir='ltr'><strong>maneat</strong></span> <span class='ocrx_word' id='word_1_104' title='bbox 804 1351 887 1414; x_wconf 79' lang='lat' dir='ltr'><strong>circa</strong></span> <span class='ocrx_word' id='word_1_105' title='bbox 909 1370 966 1418; x_wconf 77' lang='lat' dir='ltr'><strong>cos</strong></span> <span class='ocrx_word' id='word_1_106' title='bbox 987 1353 1042 1433; x_wconf 86' lang='lat' dir='ltr'><strong>qui</strong></span> <span class='ocrx_word' id='word_1_107' title='bbox 1059 1353 1107 1416; x_wconf 93' lang='lat' dir='ltr'><strong>sic</strong></span> <span class='ocrx_word' id='word_1_108' title='bbox 1128 1356 1260 1417; x_wconf 84' lang='lat' dir='ltr'><strong>transire</strong></span> 
     </span>
     <span class='ocr_line' id='line_1_14' title="bbox 108 1435 1258 1520; baseline 0 -19"><span class='ocrx_word' id='word_1_109' title='bbox 108 1439 150 1501; x_wconf 86' lang='lat' dir='ltr'><strong>ad</strong></span> <span class='ocrx_word' id='word_1_110' title='bbox 171 1437 356 1500; x_wconf 88' lang='lat' dir='ltr'><strong>catholicam</strong></span> <span class='ocrx_word' id='word_1_111' title='bbox 376 1436 496 1516; x_wconf 89' lang='lat' dir='ltr'><strong>volunt,</strong></span> <span class='ocrx_word' id='word_1_112' title='bbox 516 1443 551 1495; x_wconf 89' lang='lat' dir='ltr'><strong>ut</strong></span> <span class='ocrx_word' id='word_1_113' title='bbox 571 1435 655 1496; x_wconf 90' lang='lat' dir='ltr'><strong>nulla</strong></span> <span class='ocrx_word' id='word_1_114' title='bbox 674 1453 729 1514; x_wconf 90' lang='lat' dir='ltr'><strong>per</strong></span> <span class='ocrx_word' id='word_1_115' title='bbox 750 1453 807 1496; x_wconf 88' lang='lat' dir='ltr'><strong>eos</strong></span> <span class='ocrx_word' id='word_1_116' title='bbox 827 1436 955 1498; x_wconf 88' lang='lat' dir='ltr'><strong>unitatis</strong></span> <span class='ocrx_word' id='word_1_117' title='bbox 975 1439 1113 1499; x_wconf 91' lang='lat' dir='ltr'><strong>concisio</strong></span> <span class='ocrx_word' id='word_1_118' title='bbox 1126 1439 1160 1516; x_wconf 77' lang='lat'><strong>²)</strong></span> <span class='ocrx_word' id='word_1_119' title='bbox 1182 1460 1258 1520; x_wconf 89' lang='lat' dir='ltr'><strong>prc-</strong></span> 
     </span>
     <span class='ocr_line' id='line_1_15' title="bbox 110 1518 1261 1604; baseline 0.001 -19"><span class='ocrx_word' id='word_1_120' title='bbox 110 1532 244 1586; x_wconf 86' lang='lat' dir='ltr'><strong>curetur.</strong></span> <span class='ocrx_word' id='word_1_121' title='bbox 274 1523 337 1583; x_wconf 92' lang='lat' dir='ltr'><strong>Per·</strong></span> <span class='ocrx_word' id='word_1_122' title='bbox 358 1539 438 1602; x_wconf 90' lang='lat' dir='ltr'><strong>quos</strong></span> <span class='ocrx_word' id='word_1_123' title='bbox 459 1529 564 1582; x_wconf 91' lang='lat' dir='ltr'><strong>autem</strong></span> <span class='ocrx_word' id='word_1_124' title='bbox 584 1520 637 1580; x_wconf 86' lang='lat' dir='ltr'><strong>vel</strong></span> <span class='ocrx_word' id='word_1_125' title='bbox 659 1519 853 1581; x_wconf 89' lang='lat' dir='ltr'><strong>omnimodo</strong></span> <span class='ocrx_word' id='word_1_126' title='bbox 874 1520 981 1600; x_wconf 88' lang='lat' dir='ltr'><strong>perfici</strong></span> <span class='ocrx_word' id='word_1_127' title='bbox 993 1521 1026 1600; x_wconf 60' lang='grc' dir='ltr'><strong>θ)</strong></span> <span class='ocrx_word' id='word_1_128' title='bbox 1047 1523 1100 1584; x_wconf 89' lang='lat' dir='ltr'><strong>vel</strong></span> <span class='ocrx_word' id='word_1_129' title='bbox 1120 1518 1261 1604; x_wconf 87' lang='lat' dir='ltr'><strong>adjuvari</strong></span> 
     </span>
     <span class='ocr_line' id='line_1_16' title="bbox 108 1604 1261 1674; baseline 0.003 -4"><span class='ocrx_word' id='word_1_130' title='bbox 108 1607 284 1670; x_wconf 86' lang='lat' dir='ltr'><strong>manifestis</strong></span> <span class='ocrx_word' id='word_1_131' title='bbox 303 1608 503 1668; x_wconf 82' lang='lat' dir='ltr'><strong>fraternauun</strong></span> <span class='ocrx_word' id='word_1_132' title='bbox 526 1607 692 1667; x_wconf 88' lang='lat' dir='ltr'><strong>animarum</strong></span> <span class='ocrx_word' id='word_1_133' title='bbox 713 1604 807 1666; x_wconf 89' lang='lat' dir='ltr'><strong>lucris</strong></span> <span class='ocrx_word' id='word_1_134' title='bbox 829 1606 984 1668; x_wconf 88' lang='lat' dir='ltr'><strong>catholica</strong></span> <span class='ocrx_word' id='word_1_135' title='bbox 1004 1609 1107 1670; x_wconf 89' lang='lat' dir='ltr'><strong>unitas</strong></span> <span class='ocrx_word' id='word_1_136' title='bbox 1129 1608 1160 1670; x_wconf 90' lang='lat' dir='ltr'><strong>in</strong></span> <span class='ocrx_word' id='word_1_137' title='bbox 1180 1609 1261 1674; x_wconf 86' lang='lat' dir='ltr'><strong>locis</strong></span> 
     </span>
     <span class='ocr_line' id='line_1_17' title="bbox 110 1685 1261 1775; baseline 0.002 -21"><span class='ocrx_word' id='word_1_138' title='bbox 110 1693 275 1775; x_wconf 88' lang='lat' dir='ltr'><strong>inquibus</strong></span> <span class='ocrx_word' id='word_1_139' title='bbox 298 1691 418 1774; x_wconf 83' lang='lat' dir='ltr'><strong>degunt</strong></span> <span class='ocrx_word' id='word_1_140' title='bbox 436 1693 507 1753; x_wconf 90' lang='lat' dir='ltr'><strong>visa</strong></span> <span class='ocrx_word' id='word_1_141' title='bbox 529 1691 634 1771; x_wconf 86' lang='lat' dir='ltr'><strong>firerit,</strong></span> <span class='ocrx_word' id='word_1_142' title='bbox 656 1709 718 1750; x_wconf 91' lang='lat' dir='ltr'><strong>non</strong></span> <span class='ocrx_word' id='word_1_143' title='bbox 741 1685 787 1750; x_wconf 80' lang='lat' dir='ltr'><strong>eis</strong></span> <span class='ocrx_word' id='word_1_144' title='bbox 809 1691 906 1772; x_wconf 90' lang='lat' dir='ltr'><strong>obsit,</strong></span> <span class='ocrx_word' id='word_1_145' title='bbox 927 1691 1010 1772; x_wconf 94' lang='lat' dir='ltr'><strong>quod</strong></span> <span class='ocrx_word' id='word_1_146' title='bbox 1030 1701 1139 1754; x_wconf 90' lang='lat' dir='ltr'><strong>contra</strong></span> <span class='ocrx_word' id='word_1_147' title='bbox 1158 1693 1261 1756; x_wconf 92' lang='lat' dir='ltr'><strong>hono-</strong></span> 
     </span>
     <span class='ocr_line' id='line_1_18' title="bbox 109 1775 1260 1858; baseline -0.001 -17"><span class='ocrx_word' id='word_1_148' title='bbox 109 1796 164 1841; x_wconf 87' lang='lat' dir='ltr'><strong>res</strong></span> <span class='ocrx_word' id='word_1_149' title='bbox 191 1795 315 1858; x_wconf 90' lang='lat' dir='ltr'><strong>eorum,</strong></span> <span class='ocrx_word' id='word_1_150' title='bbox 342 1777 484 1858; x_wconf 89' lang='lat' dir='ltr'><strong>quamvis</strong></span> <span class='ocrx_word' id='word_1_151' title='bbox 511 1777 597 1837; x_wconf 88' lang='lat' dir='ltr'><strong>salus</strong></span> <span class='ocrx_word' id='word_1_152' title='bbox 623 1775 697 1836; x_wconf 92' lang='lat' dir='ltr'><strong>nulli</strong></span> <span class='ocrx_word' id='word_1_153' title='bbox 724 1775 892 1836; x_wconf 86' lang='lat' dir='ltr'><strong>interclusa</strong></span> <span class='ocrx_word' id='word_1_154' title='bbox 917 1777 975 1857; x_wconf 91' lang='lat' dir='ltr'><strong>sit,</strong></span> <span class='ocrx_word' id='word_1_155' title='bbox 1003 1778 1034 1838; x_wconf 90' lang='lat' dir='ltr'><strong>in</strong></span> <span class='ocrx_word' id='word_1_156' title='bbox 1056 1780 1260 1842; x_wconf 89' lang='lat' dir='ltr'><strong>transmarino</strong></span> 
     </span>
     <span class='ocr_line' id='line_1_19' title="bbox 107 1859 1259 1944; baseline 0.001 -18"><span class='ocrx_word' id='word_1_157' title='bbox 107 1863 241 1926; x_wconf 91' lang='lat' dir='ltr'><strong>concilio</strong></span> <span class='ocrx_word' id='word_1_158' title='bbox 262 1870 412 1923; x_wconf 90' lang='lat' dir='ltr'><strong>statutum</strong></span> <span class='ocrx_word' id='word_1_159' title='bbox 434 1870 499 1923; x_wconf 90' lang='lat' dir='ltr'><strong>est:</strong></span> <span class='ocrx_word' id='word_1_160' title='bbox 521 1861 553 1922; x_wconf 93' lang='lat' dir='ltr'><strong>id</strong></span> <span class='ocrx_word' id='word_1_161' title='bbox 574 1867 681 1921; x_wconf 91' lang='lat' dir='ltr'><strong>estut</strong></span> <span class='ocrx_word' id='word_1_162' title='bbox 702 1859 833 1920; x_wconf 89' lang='lat' dir='ltr'><strong>ordinati</strong></span> <span class='ocrx_word' id='word_1_163' title='bbox 854 1861 886 1920; x_wconf 94' lang='lat' dir='ltr'><strong>in</strong></span> <span class='ocrx_word' id='word_1_164' title='bbox 906 1871 994 1940; x_wconf 88' lang='lat' dir='ltr'><strong>parte</strong></span> <span class='ocrx_word' id='word_1_165' title='bbox 1014 1862 1146 1944; x_wconf 92' lang='lat' dir='ltr'><strong>Donati,</strong></span> <span class='ocrx_word' id='word_1_166' title='bbox 1167 1865 1195 1926; x_wconf 88' lang='lat' dir='ltr'><strong>si</strong></span> <span class='ocrx_word' id='word_1_167' title='bbox 1217 1863 1259 1927; x_wconf 89' lang='lat' dir='ltr'><strong>ad</strong></span> 
     </span>
     <span class='ocr_line' id='line_1_20' title="bbox 108 1945 1261 2028; baseline -0.001 -16"><span class='ocrx_word' id='word_1_168' title='bbox 108 1949 295 2012; x_wconf 92' lang='lat' dir='ltr'><strong>catholicam</strong></span> <span class='ocrx_word' id='word_1_169' title='bbox 322 1947 454 2009; x_wconf 89' lang='lat' dir='ltr'><strong>correcti</strong></span> <span class='ocrx_word' id='word_1_170' title='bbox 480 1946 610 2007; x_wconf 84' lang='lat' dir='ltr'><strong>transire</strong></span> <span class='ocrx_word' id='word_1_171' title='bbox 636 1945 807 2026; x_wconf 88' lang='lat' dir='ltr'><strong>voluerint,</strong></span> <span class='ocrx_word' id='word_1_172' title='bbox 835 1963 897 2005; x_wconf 90' lang='lat' dir='ltr'><strong>non</strong></span> <span class='ocrx_word' id='word_1_173' title='bbox 918 1948 1126 2028; x_wconf 90' lang='lat' dir='ltr'><strong>suscipiantur</strong></span> <span class='ocrx_word' id='word_1_174' title='bbox 1146 1949 1177 2008; x_wconf 94' lang='lat' dir='ltr'><strong>in</strong></span> <span class='ocrx_word' id='word_1_175' title='bbox 1198 1949 1261 2011; x_wconf 93' lang='lat' dir='ltr'><strong>ho-</strong></span> 
     </span>
     <span class='ocr_line' id='line_1_21' title="bbox 107 2030 1260 2116; baseline 0.002 -20"><span class='ocrx_word' id='word_1_176' title='bbox 107 2035 233 2097; x_wconf 92' lang='lat' dir='ltr'><strong>noribus</strong></span> <span class='ocrx_word' id='word_1_177' title='bbox 260 2031 527 2098; x_wconf 86' lang='lat' dir='ltr'><strong>suissecundum</strong></span> <span class='ocrx_word' id='word_1_178' title='bbox 553 2030 787 2092; x_wconf 90' lang='lat' dir='ltr'><strong>transmarinum</strong></span> <span class='ocrx_word' id='word_1_179' title='bbox 814 2031 998 2114; x_wconf 89' lang='lat' dir='ltr'><strong>concilium,</strong></span> <span class='ocrx_word' id='word_1_180' title='bbox 1030 2033 1090 2096; x_wconf 90' lang='lat' dir='ltr'><strong>sed</strong></span> <span class='ocrx_word' id='word_1_181' title='bbox 1116 2036 1260 2116; x_wconf 87' lang='lat' dir='ltr'><strong>exceptis</strong></span> 
     </span>
     <span class='ocr_line' id='line_1_22' title="bbox 108 2114 885 2202; baseline -0.005 -20"><span class='ocrx_word' id='word_1_182' title='bbox 108 2119 160 2182; x_wconf 91' lang='lat' dir='ltr'><strong>his</strong></span> <span class='ocrx_word' id='word_1_183' title='bbox 165 2159 176 2202; x_wconf 95' lang='lat'><strong>,</strong></span> <span class='ocrx_word' id='word_1_184' title='bbox 202 2139 258 2200; x_wconf 92' lang='lat' dir='ltr'><strong>per</strong></span> <span class='ocrx_word' id='word_1_185' title='bbox 279 2137 359 2200; x_wconf 91' lang='lat' dir='ltr'><strong>quos</strong></span> <span class='ocrx_word' id='word_1_186' title='bbox 380 2117 554 2180; x_wconf 90' lang='lat' dir='ltr'><strong>catholicae</strong></span> <span class='ocrx_word' id='word_1_187' title='bbox 574 2116 686 2177; x_wconf 90' lang='lat' dir='ltr'><strong>unitati</strong></span> <span class='ocrx_word' id='word_1_188' title='bbox 707 2114 885 2178; x_wconf 87' lang='lat' dir='ltr'><strong>consulitur.</strong></span> 
     </span>
    </p>
   </div>
   <div class='ocr_carea' id='block_1_3' title="bbox 167 2217 1270 2403">
    <p class='ocr_par' dir='ltr' id='par_1_3' title="bbox 167 2217 1270 2403">
     <span class='ocr_line' id='line_1_23' title="bbox 167 2217 1270 2324; baseline 0.002 -26"><span class='ocrx_word' id='word_1_189' title='bbox 167 2235 290 2301; x_wconf 79' lang='lat' dir='ltr'><strong><em>LXIX.</em></strong></span> <span class='ocrx_word' id='word_1_190' title='bbox 319 2217 378 2324; x_wconf 26' lang='lat' dir='ltr'><strong>¹&#39;Ut</strong></span> <span class='ocrx_word' id='word_1_191' title='bbox 405 2234 526 2319; x_wconf 81' lang='lat' dir='ltr'><strong>legatio</strong></span> <span class='ocrx_word' id='word_1_192' title='bbox 553 2233 598 2296; x_wconf 83' lang='lat' dir='ltr'><strong>ud</strong></span> <span class='ocrx_word' id='word_1_193' title='bbox 623 2233 816 2296; x_wconf 77' lang='lat' dir='ltr'><strong>Donatistae</strong></span> <span class='ocrx_word' id='word_1_194' title='bbox 849 2223 1080 2320; x_wconf 76' lang='lat' dir='ltr'><strong>componendae</strong></span> <span class='ocrx_word' id='word_1_195' title='bbox 1106 2239 1202 2320; x_wconf 75' lang='lat' dir='ltr'><strong>pacis</strong></span> <span class='ocrx_word' id='word_1_196' title='bbox 1265 2251 1270 2256; x_wconf 89' lang='grc'><em>·</em></span> 
     </span>
     <span class='ocr_line' id='line_1_24' title="bbox 525 2321 838 2403; baseline 0.01 -23"><span class='ocrx_word' id='word_1_197' title='bbox 525 2321 637 2403; x_wconf 79' lang='lat' dir='ltr'><strong>gratia</strong></span> <span class='ocrx_word' id='word_1_198' title='bbox 666 2321 838 2403; x_wconf 78' lang='lat' dir='ltr'><strong>dirigatur.</strong></span> 
     </span>
    </p>
   </div>
   <div class='ocr_carea' id='block_1_4' title="bbox 29 2421 1332 3611">
    <p class='ocr_par' dir='ltr' id='par_1_4' title="bbox 29 2421 1332 3611">
     <span class='ocr_line' id='line_1_25' title="bbox 192 2421 1260 2506; baseline 0.006 -24"><span class='ocrx_word' id='word_1_199' title='bbox 192 2421 314 2486; x_wconf 88' lang='lat' dir='ltr'><strong>Deinde</strong></span> <span class='ocrx_word' id='word_1_200' title='bbox 335 2421 466 2504; x_wconf 88' lang='lat' dir='ltr'><strong>placuit,</strong></span> <span class='ocrx_word' id='word_1_201' title='bbox 496 2421 601 2484; x_wconf 90' lang='lat' dir='ltr'><strong>uthis</strong></span> <span class='ocrx_word' id='word_1_202' title='bbox 622 2424 763 2502; x_wconf 89' lang='lat' dir='ltr'><strong>peractis·</strong></span> <span class='ocrx_word' id='word_1_203' title='bbox 789 2422 889 2506; x_wconf 89' lang='lat' dir='ltr'><strong>legati</strong></span> <span class='ocrx_word' id='word_1_204' title='bbox 916 2423 1012 2484; x_wconf 88' lang='lat' dir='ltr'><strong>etiam</strong></span> <span class='ocrx_word' id='word_1_205' title='bbox 1030 2423 1260 2504; x_wconf 86' lang='lat' dir='ltr'><strong>praedicandae</strong></span> 
     </span>
     <span class='ocr_line' id='line_1_26' title="bbox 111 2507 1261 2589; baseline 0.003 -21"><span class='ocrx_word' id='word_1_206' title='bbox 111 2507 201 2589; x_wconf 86' lang='lat' dir='ltr'><strong>pacis</strong></span> <span class='ocrx_word' id='word_1_207' title='bbox 224 2517 317 2588; x_wconf 88' lang='lat' dir='ltr'><strong>atque</strong></span> <span class='ocrx_word' id='word_1_208' title='bbox 337 2509 484 2589; x_wconf 88' lang='lat' dir='ltr'><strong>unitatis,</strong></span> <span class='ocrx_word' id='word_1_209' title='bbox 513 2508 666 2588; x_wconf 79' lang='lat' dir='ltr'><strong>sineque</strong></span> <span class='ocrx_word' id='word_1_210' title='bbox 687 2507 774 2570; x_wconf 87' lang='lat' dir='ltr'><strong>salus</strong></span> <span class='ocrx_word' id='word_1_211' title='bbox 796 2507 965 2570; x_wconf 87' lang='lat' dir='ltr'><strong>christiana</strong></span> <span class='ocrx_word' id='word_1_212' title='bbox 985 2527 1050 2568; x_wconf 87' lang='lat' dir='ltr'><strong>non</strong></span> <span class='ocrx_word' id='word_1_213' title='bbox 1073 2518 1180 2589; x_wconf 88' lang='lat' dir='ltr'><strong>potest</strong></span> <span class='ocrx_word' id='word_1_214' title='bbox 1200 2513 1261 2572; x_wconf 90' lang='lat' dir='ltr'><strong>cb-</strong></span> 
     </span>
     <span class='ocr_line' id='line_1_27' title="bbox 111 2592 1260 2674; baseline 0.002 -20"><span class='ocrx_word' id='word_1_215' title='bbox 111 2593 221 2674; x_wconf 91' lang='lat' dir='ltr'><strong>tineri,</strong></span> <span class='ocrx_word' id='word_1_216' title='bbox 259 2611 278 2654; x_wconf 86' lang='lat' dir='ltr'><strong>e</strong></span> <span class='ocrx_word' id='word_1_217' title='bbox 305 2611 430 2654; x_wconf 89' lang='lat' dir='ltr'><strong>numero</strong></span> <span class='ocrx_word' id='word_1_218' title='bbox 458 2601 563 2653; x_wconf 89' lang='lat' dir='ltr'><strong>nostro</strong></span> <span class='ocrx_word' id='word_1_219' title='bbox 592 2592 633 2654; x_wconf 90' lang='lat' dir='ltr'><strong>ad</strong></span> <span class='ocrx_word' id='word_1_220' title='bbox 660 2593 795 2672; x_wconf 89' lang='lat' dir='ltr'><strong>ipsorum</strong></span> <span class='ocrx_word' id='word_1_221' title='bbox 822 2593 1054 2656; x_wconf 85' lang='lat' dir='ltr'><strong>Donatistarum</strong></span> <span class='ocrx_word' id='word_1_222' title='bbox 1083 2595 1153 2655; x_wconf 85' lang='lat' dir='ltr'><strong>sive</strong></span> <span class='ocrx_word' id='word_1_223' title='bbox 1179 2612 1260 2674; x_wconf 92' lang='lat' dir='ltr'><strong>quos</strong></span> 
     </span>
     <span class='ocr_line' id='line_1_28' title="bbox 108 2675 1259 2759; baseline 0.002 -19"><span class='ocrx_word' id='word_1_224' title='bbox 108 2679 227 2740; x_wconf 87' lang='lat' dir='ltr'><strong>habent</strong></span> <span class='ocrx_word' id='word_1_225' title='bbox 254 2678 421 2758; x_wconf 88' lang='lat' dir='ltr'><strong>episcopos</strong></span> <span class='ocrx_word' id='word_1_226' title='bbox 447 2677 524 2738; x_wconf 72' lang='lat' dir='ltr'><strong>sive</strong></span> <span class='ocrx_word' id='word_1_227' title='bbox 546 2676 586 2738; x_wconf 91' lang='lat' dir='ltr'><strong>ad</strong></span> <span class='ocrx_word' id='word_1_228' title='bbox 606 2677 716 2758; x_wconf 88' lang='lat' dir='ltr'><strong>plebes</strong></span> <span class='ocrx_word' id='word_1_229' title='bbox 735 2680 912 2758; x_wconf 85' lang='lat' dir='ltr'><strong>mittantur,</strong></span> <span class='ocrx_word' id='word_1_230' title='bbox 939 2697 995 2758; x_wconf 90' lang='lat' dir='ltr'><strong>per</strong></span> <span class='ocrx_word' id='word_1_231' title='bbox 1015 2675 1095 2759; x_wconf 91' lang='lat' dir='ltr'><strong>quos</strong></span> <span class='ocrx_word' id='word_1_232' title='bbox 1116 2681 1259 2742; x_wconf 86' lang='lat' dir='ltr'><strong>omuibus</strong></span> 
     </span>
     <span class='ocr_line' id='line_1_29' title="bbox 108 2757 1261 2849; baseline 0.003 -24"><span class='ocrx_word' id='word_1_233' title='bbox 108 2765 141 2825; x_wconf 92' lang='lat' dir='ltr'><strong>in</strong></span> <span class='ocrx_word' id='word_1_234' title='bbox 161 2763 302 2825; x_wconf 90' lang='lat' dir='ltr'><strong>notitiam</strong></span> <span class='ocrx_word' id='word_1_235' title='bbox 323 2761 492 2842; x_wconf 85' lang='lat' dir='ltr'><strong>perferatur</strong></span> <span class='ocrx_word' id='word_1_236' title='bbox 499 2806 509 2841; x_wconf 94' lang='lat'><strong>,</strong></span> <span class='ocrx_word' id='word_1_237' title='bbox 536 2781 629 2843; x_wconf 91' lang='lat' dir='ltr'><strong>quam</strong></span> <span class='ocrx_word' id='word_1_238' title='bbox 649 2757 723 2822; x_wconf 87' lang='lat' dir='ltr'><strong>nihil</strong></span> <span class='ocrx_word' id='word_1_239' title='bbox 744 2763 894 2842; x_wconf 88' lang='lat' dir='ltr'><strong>habeant,</strong></span> <span class='ocrx_word' id='word_1_240' title='bbox 923 2761 1006 2843; x_wconf 87' lang='lat' dir='ltr'><strong>quod</strong></span> <span class='ocrx_word' id='word_1_241' title='bbox 1026 2763 1180 2826; x_wconf 86' lang='lat' dir='ltr'><strong>adversus</strong></span> <span class='ocrx_word' id='word_1_242' title='bbox 1202 2774 1261 2849; x_wconf 63' lang='lat' dir='ltr'><strong>eci·</strong></span> 
     </span>
     <span class='ocr_line' id='line_1_30' title="bbox 108 2845 1260 2928; baseline 0 -16"><span class='ocrx_word' id='word_1_243' title='bbox 108 2849 238 2912; x_wconf 83' lang='lat' dir='ltr'><strong>alesiam</strong></span> <span class='ocrx_word' id='word_1_244' title='bbox 258 2848 444 2911; x_wconf 85' lang='lat' dir='ltr'><strong>catholicam</strong></span> <span class='ocrx_word' id='word_1_245' title='bbox 460 2845 548 2926; x_wconf 87' lang='lat' dir='ltr'><strong>juste</strong></span> <span class='ocrx_word' id='word_1_246' title='bbox 568 2848 693 2926; x_wconf 92' lang='lat' dir='ltr'><strong>possint</strong></span> <span class='ocrx_word' id='word_1_247' title='bbox 713 2845 835 2928; x_wconf 73' lang='lat' dir='ltr'><strong>dicere,</strong></span> <span class='ocrx_word' id='word_1_248' title='bbox 854 2849 989 2908; x_wconf 86' lang='lat' dir='ltr'><strong>maxime</strong></span> <span class='ocrx_word' id='word_1_249' title='bbox 1008 2857 1044 2909; x_wconf 92' lang='lat' dir='ltr'><strong>ut</strong></span> <span class='ocrx_word' id='word_1_250' title='bbox 1061 2850 1260 2912; x_wconf 84' lang='lat' dir='ltr'><strong>manifestum</strong></span> 
     </span>
     <span class='ocr_line' id='line_1_31' title="bbox 107 2933 1260 3016; baseline 0.001 -20"><span class='ocrx_word' id='word_1_251' title='bbox 107 2933 164 2996; x_wconf 87' lang='lat' dir='ltr'><strong>liat</strong></span> <span class='ocrx_word' id='word_1_252' title='bbox 185 2934 326 2996; x_wconf 89' lang='lat' dir='ltr'><strong>omnibus</strong></span> <span class='ocrx_word' id='word_1_253' title='bbox 338 2952 402 3012; x_wconf 90' lang='lat' dir='ltr'><strong>per</strong></span> <span class='ocrx_word' id='word_1_254' title='bbox 417 2940 511 3016; x_wconf 84' lang='lat' dir='ltr'><strong>gesta</strong></span> <span class='ocrx_word' id='word_1_255' title='bbox 526 2933 620 2994; x_wconf 88' lang='lat' dir='ltr'><strong>etiam</strong></span> <span class='ocrx_word' id='word_1_256' title='bbox 641 2933 847 3013; x_wconf 85' lang='lat' dir='ltr'><strong>municipalia,</strong></span> <span class='ocrx_word' id='word_1_257' title='bbox 865 2941 990 3013; x_wconf 87' lang='lat' dir='ltr'><strong>propter</strong></span> <span class='ocrx_word' id='word_1_258' title='bbox 1006 2933 1260 2997; x_wconf 86' lang='lat' dir='ltr'><strong>documentorum</strong></span> 
     </span>
     <span class='ocr_line' id='line_1_32' title="bbox 108 3017 1259 3104; baseline 0.001 -24"><span class='ocrx_word' id='word_1_259' title='bbox 108 3017 302 3098; x_wconf 80' lang='lat' dir='ltr'><strong>firmitatem,</strong></span> <span class='ocrx_word' id='word_1_260' title='bbox 317 3017 390 3096; x_wconf 90' lang='lat' dir='ltr'><strong>quid</strong></span> <span class='ocrx_word' id='word_1_261' title='bbox 410 3017 470 3096; x_wconf 92' lang='lat' dir='ltr'><strong>ipsi</strong></span> <span class='ocrx_word' id='word_1_262' title='bbox 484 3017 523 3078; x_wconf 91' lang='lat' dir='ltr'><strong>de</strong></span> <span class='ocrx_word' id='word_1_263' title='bbox 536 3018 779 3078; x_wconf 87' lang='lat' dir='ltr'><strong>Maximianistis</strong></span> <span class='ocrx_word' id='word_1_264' title='bbox 801 3018 1011 3080; x_wconf 86' lang='lat' dir='ltr'><strong>schismaticis</strong></span> <span class='ocrx_word' id='word_1_265' title='bbox 1032 3021 1099 3081; x_wconf 92' lang='lat' dir='ltr'><strong>suis</strong></span> <span class='ocrx_word' id='word_1_266' title='bbox 1121 3021 1259 3104; x_wconf 70' lang='lat' dir='ltr'><strong>egerint,</strong></span> 
     </span>
     <span class='ocr_line' id='line_1_33' title="bbox 108 3099 1259 3186; baseline 0.003 -22"><span class='ocrx_word' id='word_1_267' title='bbox 108 3104 162 3164; x_wconf 92' lang='lat' dir='ltr'><strong>ubi</strong></span> <span class='ocrx_word' id='word_1_268' title='bbox 184 3105 232 3164; x_wconf 90' lang='lat' dir='ltr'><strong>eis</strong></span> <span class='ocrx_word' id='word_1_269' title='bbox 253 3099 401 3164; x_wconf 89' lang='lat' dir='ltr'><strong>divinitus</strong></span> <span class='ocrx_word' id='word_1_270' title='bbox 421 3101 663 3184; x_wconf 88' lang='lat' dir='ltr'><strong>demonstratur,</strong></span> <span class='ocrx_word' id='word_1_271' title='bbox 692 3103 721 3164; x_wconf 91' lang='lat' dir='ltr'><strong>si</strong></span> <span class='ocrx_word' id='word_1_272' title='bbox 742 3102 904 3164; x_wconf 89' lang='lat' dir='ltr'><strong>attendere</strong></span> <span class='ocrx_word' id='word_1_273' title='bbox 924 3103 1039 3186; x_wconf 90' lang='lat' dir='ltr'><strong>velint,</strong></span> <span class='ocrx_word' id='word_1_274' title='bbox 1069 3112 1133 3166; x_wconf 90' lang='lat' dir='ltr'><strong>tam</strong></span> <span class='ocrx_word' id='word_1_275' title='bbox 1155 3106 1259 3186; x_wconf 88' lang='lat' dir='ltr'><strong>inique</strong></span> 
     </span>
     <span class='ocr_line' id='line_1_34' title="bbox 108 3187 1260 3269; baseline 0.003 -19"><span class='ocrx_word' id='word_1_276' title='bbox 108 3195 185 3250; x_wconf 86' lang='lat' dir='ltr'><strong>tuno</strong></span> <span class='ocrx_word' id='word_1_277' title='bbox 207 3188 278 3250; x_wconf 92' lang='lat' dir='ltr'><strong>illos</strong></span> <span class='ocrx_word' id='word_1_278' title='bbox 308 3187 346 3248; x_wconf 92' lang='lat' dir='ltr'><strong>ab</strong></span> <span class='ocrx_word' id='word_1_279' title='bbox 374 3188 530 3250; x_wconf 89' lang='lat' dir='ltr'><strong>ecclesiae</strong></span> <span class='ocrx_word' id='word_1_280' title='bbox 557 3189 677 3250; x_wconf 89' lang='lat' dir='ltr'><strong>unitate</strong></span> <span class='ocrx_word' id='word_1_281' title='bbox 702 3188 882 3267; x_wconf 84' lang='lat' dir='ltr'><strong>praecisos,</strong></span> <span class='ocrx_word' id='word_1_282' title='bbox 920 3205 1012 3268; x_wconf 88' lang='lat' dir='ltr'><strong>quam</strong></span> <span class='ocrx_word' id='word_1_283' title='bbox 1045 3189 1149 3269; x_wconf 89' lang='lat' dir='ltr'><strong>inique</strong></span> <span class='ocrx_word' id='word_1_284' title='bbox 1176 3209 1260 3254; x_wconf 90' lang='lat' dir='ltr'><strong>nunc</strong></span> 
     </span>
     <span class='ocr_line' id='line_1_35' title="bbox 29 3271 1258 3353; baseline 0.001 -16"><span class='ocrx_word' id='word_1_285' title='bbox 29 3301 34 3308; x_wconf 93' lang='lat'><em>·</em></span> <span class='ocrx_word' id='word_1_286' title='bbox 107 3274 244 3337; x_wconf 88' lang='lat' dir='ltr'><strong>clamant</strong></span> <span class='ocrx_word' id='word_1_287' title='bbox 265 3291 285 3345; x_wconf 85' lang='lat' dir='ltr'><strong>a</strong></span> <span class='ocrx_word' id='word_1_288' title='bbox 305 3289 342 3334; x_wconf 89' lang='lat' dir='ltr'><strong>se</strong></span> <span class='ocrx_word' id='word_1_289' title='bbox 357 3271 607 3336; x_wconf 86' lang='lat' dir='ltr'><strong>Maxirnianistes</strong></span> <span class='ocrx_word' id='word_1_290' title='bbox 628 3272 766 3336; x_wconf 89' lang='lat' dir='ltr'><strong>schisma</strong></span> <span class='ocrx_word' id='word_1_291' title='bbox 785 3272 984 3334; x_wconf 87' lang='lat' dir='ltr'><strong>fecisse:·ex</strong></span> <span class='ocrx_word' id='word_1_292' title='bbox 1004 3291 1132 3353; x_wconf 89' lang='lat' dir='ltr'><strong>quorum</strong></span> <span class='ocrx_word' id='word_1_293' title='bbox 1153 3283 1258 3338; x_wconf 88' lang='lat' dir='ltr'><strong>tamen</strong></span> 
     </span>
     <span class='ocr_line' id='line_1_36' title="bbox 107 3353 1261 3440; baseline 0.002 -19"><span class='ocrx_word' id='word_1_294' title='bbox 107 3353 236 3421; x_wconf 88' lang='lat' dir='ltr'><strong>numero</strong></span> <span class='ocrx_word' id='word_1_295' title='bbox 264 3376 344 3439; x_wconf 90' lang='lat' dir='ltr'><strong>quos</strong></span> <span class='ocrx_word' id='word_1_296' title='bbox 366 3355 431 3436; x_wconf 87' lang='lat' dir='ltr'><strong>jam</strong></span> <span class='ocrx_word' id='word_1_297' title='bbox 460 3359 589 3438; x_wconf 91' lang='lat' dir='ltr'><strong>plenarii</strong></span> <span class='ocrx_word' id='word_1_298' title='bbox 610 3357 732 3422; x_wconf 85' lang='lat' dir='ltr'><strong>concilii</strong></span> <span class='ocrx_word' id='word_1_299' title='bbox 753 3357 802 3418; x_wconf 93' lang='lat' dir='ltr'><strong>sui</strong></span> <span class='ocrx_word' id='word_1_300' title='bbox 831 3356 1017 3418; x_wconf 87' lang='lat' dir='ltr'><strong>auctoritate</strong></span> <span class='ocrx_word' id='word_1_301' title='bbox 1037 3357 1261 3440; x_wconf 85' lang='lat' dir='ltr'><strong>damnaverant</strong></span> 
     </span>
     <span class='ocr_line' id='line_1_37' title="bbox 107 3442 1259 3525; baseline 0.003 -19"><span class='ocrx_word' id='word_1_302' title='bbox 107 3444 140 3506; x_wconf 92' lang='lat' dir='ltr'><strong>in</strong></span> <span class='ocrx_word' id='word_1_303' title='bbox 161 3445 229 3506; x_wconf 87' lang='lat' dir='ltr'><strong>suis</strong></span> <span class='ocrx_word' id='word_1_304' title='bbox 249 3443 417 3504; x_wconf 91' lang='lat' dir='ltr'><strong>honoribus</strong></span> <span class='ocrx_word' id='word_1_305' title='bbox 438 3442 540 3504; x_wconf 86' lang='lat' dir='ltr'><strong>denuo</strong></span> <span class='ocrx_word' id='word_1_306' title='bbox 561 3451 760 3525; x_wconf 85' lang='lat' dir='ltr'><strong>receperunt,</strong></span> <span class='ocrx_word' id='word_1_307' title='bbox 788 3442 975 3523; x_wconf 89' lang='lat' dir='ltr'><strong>baptismum</strong></span> <span class='ocrx_word' id='word_1_308' title='bbox 1004 3461 1097 3524; x_wconf 90' lang='lat' dir='ltr'><strong>quern</strong></span> <span class='ocrx_word' id='word_1_309' title='bbox 1122 3444 1259 3510; x_wconf 85' lang='lat' dir='ltr'><strong>damnati</strong></span> 
     </span>
     <span class='ocr_line' id='line_1_38' title="bbox 107 3526 1332 3611; baseline 0.004 -21"><span class='ocrx_word' id='word_1_310' title='bbox 107 3537 142 3590; x_wconf 85' lang='lat' dir='ltr'><strong>et</strong></span> <span class='ocrx_word' id='word_1_311' title='bbox 171 3527 293 3589; x_wconf 83' lang='lat' dir='ltr'><strong>exclusi</strong></span> <span class='ocrx_word' id='word_1_312' title='bbox 318 3526 468 3588; x_wconf 88' lang='lat' dir='ltr'><strong>dederant</strong></span> <span class='ocrx_word' id='word_1_313' title='bbox 495 3536 758 3608; x_wconf 85' lang='lat' dir='ltr'><strong>acceptaverunt,</strong></span> <span class='ocrx_word' id='word_1_314' title='bbox 797 3535 833 3588; x_wconf 92' lang='lat' dir='ltr'><strong>ut</strong></span> <span class='ocrx_word' id='word_1_315' title='bbox 858 3527 1003 3609; x_wconf 90' lang='lat' dir='ltr'><strong>videant,</strong></span> <span class='ocrx_word' id='word_1_316' title='bbox 1042 3548 1134 3611; x_wconf 87' lang='lat' dir='ltr'><strong>quam</strong></span> <span class='ocrx_word' id='word_1_317' title='bbox 1162 3534 1260 3594; x_wconf 87' lang='lat' dir='ltr'><strong>stulto</strong></span> <span class='ocrx_word' id='word_1_318' title='bbox 1330 3563 1332 3566; x_wconf 95' lang='lat'>·</span> 
     </span>
    </p>
   </div>
   <div class='ocr_carea' id='block_1_5' title="bbox 108 3611 1368 3693">
    <p class='ocr_par' dir='ltr' id='par_1_5' title="bbox 108 3611 1368 3693">
     <span class='ocr_line' id='line_1_39' title="bbox 108 3611 1368 3693; baseline 0.002 -18"><span class='ocrx_word' id='word_1_319' title='bbox 108 3611 206 3675; x_wconf 90' lang='lat' dir='ltr'><strong>corde</strong></span> <span class='ocrx_word' id='word_1_320' title='bbox 227 3611 376 3672; x_wconf 88' lang='lat' dir='ltr'><strong>resistant</strong></span> <span class='ocrx_word' id='word_1_321' title='bbox 402 3612 473 3690; x_wconf 88' lang='lat' dir='ltr'><strong>paci</strong></span> <span class='ocrx_word' id='word_1_322' title='bbox 495 3614 651 3676; x_wconf 87' lang='lat' dir='ltr'><strong>ecclesiae</strong></span> <span class='ocrx_word' id='word_1_323' title='bbox 672 3621 738 3674; x_wconf 92' lang='lat' dir='ltr'><strong>toto</strong></span> <span class='ocrx_word' id='word_1_324' title='bbox 760 3613 834 3674; x_wconf 89' lang='lat' dir='ltr'><strong>orbe</strong></span> <span class='ocrx_word' id='word_1_325' title='bbox 855 3611 1004 3693; x_wconf 87' lang='lat' dir='ltr'><strong>diffirsae,</strong></span> <span class='ocrx_word' id='word_1_326' title='bbox 1034 3633 1105 3676; x_wconf 90' lang='lat' dir='ltr'><strong>oum</strong></span> <span class='ocrx_word' id='word_1_327' title='bbox 1125 3615 1188 3677; x_wconf 89' lang='lat' dir='ltr'><strong>ista</strong></span> <span class='ocrx_word' id='word_1_328' title='bbox 1209 3618 1261 3678; x_wconf 85' lang='lat' dir='ltr'><strong>fa-</strong></span> <span class='ocrx_word' id='word_1_329' title='bbox 1287 3653 1291 3665; x_wconf 66' lang='grc'><strong>«</strong></span> <span class='ocrx_word' id='word_1_330' title='bbox 1362 3658 1368 3664; x_wconf 93' lang='grc'><strong>-</strong></span> 
     </span>
    </p>
   </div>
   <div class='ocr_carea' id='block_1_6' title="bbox 105 3695 1353 4118">
    <p class='ocr_par' dir='ltr' id='par_1_6' title="bbox 105 3695 1353 4118">
     <span class='ocr_line' id='line_1_40' title="bbox 108 3695 1259 3783; baseline 0.003 -24"><span class='ocrx_word' id='word_1_331' title='bbox 108 3698 196 3760; x_wconf 88' lang='lat' dir='ltr'><strong>ciant</strong></span> <span class='ocrx_word' id='word_1_332' title='bbox 215 3714 271 3775; x_wconf 88' lang='lat' dir='ltr'><strong>pro</strong></span> <span class='ocrx_word' id='word_1_333' title='bbox 291 3703 379 3775; x_wconf 88' lang='lat' dir='ltr'><strong>parte</strong></span> <span class='ocrx_word' id='word_1_334' title='bbox 400 3697 529 3783; x_wconf 85' lang='lat' dir='ltr'><strong>Donati,</strong></span> <span class='ocrx_word' id='word_1_335' title='bbox 551 3717 653 3779; x_wconf 91' lang='lat' dir='ltr'><strong>neque</strong></span> <span class='ocrx_word' id='word_1_336' title='bbox 674 3716 712 3758; x_wconf 89' lang='lat' dir='ltr'><strong>se</strong></span> <span class='ocrx_word' id='word_1_337' title='bbox 733 3698 878 3777; x_wconf 87' lang='lat' dir='ltr'><strong>istorum,</strong></span> <span class='ocrx_word' id='word_1_338' title='bbox 901 3715 980 3777; x_wconf 90' lang='lat' dir='ltr'><strong>quos</strong></span> <span class='ocrx_word' id='word_1_339' title='bbox 1000 3697 1044 3758; x_wconf 89' lang='lat' dir='ltr'><strong>ita</strong></span> <span class='ocrx_word' id='word_1_340' title='bbox 1064 3695 1259 3783; x_wconf 78' lang='lat' dir='ltr'><strong>receperunt,¹</strong></span> 
     </span>
     <span class='ocr_line' id='line_1_41' title="bbox 106 3780 1260 3864; baseline 0.002 -18"><span class='ocrx_word' id='word_1_341' title='bbox 106 3780 324 3847; x_wconf 90' lang='lat' dir='ltr'><strong>communione</strong></span> <span class='ocrx_word' id='word_1_342' title='bbox 348 3789 474 3862; x_wconf 88' lang='lat' dir='ltr'><strong>propter</strong></span> <span class='ocrx_word' id='word_1_343' title='bbox 493 3783 637 3844; x_wconf 89' lang='lat' dir='ltr'><strong>intuitum</strong></span> <span class='ocrx_word' id='word_1_344' title='bbox 661 3781 751 3862; x_wconf 88' lang='lat' dir='ltr'><strong>pacis</strong></span> <span class='ocrx_word' id='word_1_345' title='bbox 772 3781 973 3842; x_wconf 87' lang='lat' dir='ltr'><strong>contaminari</strong></span> <span class='ocrx_word' id='word_1_346' title='bbox 993 3780 1116 3864; x_wconf 86' lang='lat' dir='ltr'><strong>dicant,</strong></span> <span class='ocrx_word' id='word_1_347' title='bbox 1145 3792 1179 3846; x_wconf 87' lang='lat' dir='ltr'><strong>ot</strong></span> <span class='ocrx_word' id='word_1_348' title='bbox 1198 3803 1260 3848; x_wconf 88' lang='lat' dir='ltr'><strong>nos</strong></span> 
     </span>
     <span class='ocr_line' id='line_1_42' title="bbox 105 3862 1337 3947; baseline 0.003 -18"><span class='ocrx_word' id='word_1_349' title='bbox 105 3867 332 3947; x_wconf 85' lang='lat' dir='ltr'><strong>condemnent,</strong></span> <span class='ocrx_word' id='word_1_350' title='bbox 367 3864 399 3928; x_wconf 90' lang='lat' dir='ltr'><strong>id</strong></span> <span class='ocrx_word' id='word_1_351' title='bbox 426 3873 478 3928; x_wconf 88' lang='lat' dir='ltr'><strong>est</strong></span> <span class='ocrx_word' id='word_1_352' title='bbox 504 3862 673 3930; x_wconf 86' lang='lat' dir='ltr'><strong>ecclesiam</strong></span> <span class='ocrx_word' id='word_1_353' title='bbox 701 3865 902 3946; x_wconf 89' lang='lat' dir='ltr'><strong>catholicam,</strong></span> <span class='ocrx_word' id='word_1_354' title='bbox 931 3865 1025 3928; x_wconf 89' lang='lat' dir='ltr'><strong>etiam</strong></span> <span class='ocrx_word' id='word_1_355' title='bbox 1050 3867 1083 3928; x_wconf 91' lang='lat' dir='ltr'><strong>in</strong></span> <span class='ocrx_word' id='word_1_356' title='bbox 1109 3871 1259 3933; x_wconf 86' lang='lat' dir='ltr'><strong>extremis</strong></span> <span class='ocrx_word' id='word_1_357' title='bbox 1332 3897 1337 3908; x_wconf 90' lang='lat'><strong>·</strong></span> 
     </span>
     <span class='ocr_line' id='line_1_43' title="bbox 105 3941 1353 4038; baseline 0.004 -24"><span class='ocrx_word' id='word_1_358' title='bbox 105 3961 253 4016; x_wconf 84' lang='lat' dir='ltr'><strong>terrarum</strong></span> <span class='ocrx_word' id='word_1_359' title='bbox 280 3950 421 4030; x_wconf 88' lang='lat' dir='ltr'><strong>partibus</strong></span> <span class='ocrx_word' id='word_1_360' title='bbox 442 3953 660 4034; x_wconf 87' lang='lat' dir='ltr'><strong>constitutam,</strong></span> <span class='ocrx_word' id='word_1_361' title='bbox 686 3969 743 4030; x_wconf 89' lang='lat' dir='ltr'><strong>per</strong></span> <span class='ocrx_word' id='word_1_362' title='bbox 764 3969 869 4012; x_wconf 88' lang='lat' dir='ltr'><strong>eorum</strong></span> <span class='ocrx_word' id='word_1_363' title='bbox 889 3951 1136 4016; x_wconf 88' lang='lat' dir='ltr'><strong>communionem</strong></span> <span class='ocrx_word' id='word_1_364' title='bbox 1155 3955 1260 4038; x_wconf 88' lang='lat' dir='ltr'><strong>inqui·</strong></span> <span class='ocrx_word' id='word_1_365' title='bbox 1330 3941 1353 4034; x_wconf 12' lang='grc' dir='ltr'><strong>κ’</strong></span> 
     </span>
     <span class='ocr_line' id='line_1_44' title="bbox 105 4034 1087 4118; baseline 0 -19"><span class='ocrx_word' id='word_1_366' title='bbox 105 4043 226 4118; x_wconf 85' lang='lat' dir='ltr'><strong>natam,</strong></span> <span class='ocrx_word' id='word_1_367' title='bbox 252 4053 332 4116; x_wconf 90' lang='lat' dir='ltr'><strong>quos</strong></span> <span class='ocrx_word' id='word_1_368' title='bbox 353 4042 430 4098; x_wconf 92' lang='lat' dir='ltr'><strong>tunc</strong></span> <span class='ocrx_word' id='word_1_369' title='bbox 451 4045 642 4099; x_wconf 88' lang='lat' dir='ltr'><strong>accusantes</strong></span> <span class='ocrx_word' id='word_1_370' title='bbox 662 4034 850 4098; x_wconf 88' lang='lat' dir='ltr'><strong>convincere</strong></span> <span class='ocrx_word' id='word_1_371' title='bbox 870 4036 1087 4116; x_wconf 86' lang='lat' dir='ltr'><strong>nequiverunt.</strong></span> 
     </span>
    </p>
   </div>
   <div class='ocr_carea' id='block_1_7' title="bbox 152 4147 1141 4230">
    <p class='ocr_par' dir='ltr' id='par_1_7' title="bbox 152 4147 1141 4230">
     <span class='ocr_line' id='line_1_45' title="bbox 152 4147 1141 4230; baseline 0.003 -16"><span class='ocrx_word' id='word_1_372' title='bbox 152 4219 156 4228; x_wconf 22' lang='lat'>⁸</span> <span class='ocrx_word' id='word_1_373' title='bbox 223 4149 331 4215; x_wconf 75' lang='lat' dir='ltr'><strong><em>LXX.</em></strong></span> <span class='ocrx_word' id='word_1_374' title='bbox 365 4153 429 4230; x_wconf 77' lang='lat' dir='ltr'><strong>Qui</strong></span> <span class='ocrx_word' id='word_1_375' title='bbox 449 4151 561 4215; x_wconf 72' lang='lat' dir='ltr'><strong>elerici</strong></span> <span class='ocrx_word' id='word_1_376' title='bbox 580 4147 621 4212; x_wconf 82' lang='lat' dir='ltr'><strong>ab</strong></span> <span class='ocrx_word' id='word_1_377' title='bbox 641 4153 791 4216; x_wconf 72' lang='lat' dir='ltr'><strong>ascribas</strong></span> <span class='ocrx_word' id='word_1_378' title='bbox 812 4153 950 4217; x_wconf 83' lang='lat' dir='ltr'><strong>debeant</strong></span> <span class='ocrx_word' id='word_1_379' title='bbox 970 4155 1141 4220; x_wconf 75' lang='lat' dir='ltr'><strong>abstinere.</strong></span> 
     </span>
    </p>
   </div>
   <div class='ocr_carea' id='block_1_8' title="bbox 101 4252 1344 4507">
    <p class='ocr_par' dir='ltr' id='par_1_8' title="bbox 101 4252 1344 4507">
     <span class='ocr_line' id='line_1_46' title="bbox 127 4252 1344 4337; baseline 0 -21"><span class='ocrx_word' id='word_1_380' title='bbox 127 4317 129 4324; x_wconf 82' lang='grc'>,</span> <span class='ocrx_word' id='word_1_381' title='bbox 186 4252 357 4316; x_wconf 86' lang='lat' dir='ltr'><strong>Praeterea</strong></span> <span class='ocrx_word' id='word_1_382' title='bbox 381 4270 455 4316; x_wconf 91' lang='lat' dir='ltr'><strong>cum</strong></span> <span class='ocrx_word' id='word_1_383' title='bbox 484 4253 524 4315; x_wconf 92' lang='lat' dir='ltr'><strong>de</strong></span> <span class='ocrx_word' id='word_1_384' title='bbox 552 4252 743 4334; x_wconf 84' lang='lat' dir='ltr'><strong>quorundam</strong></span> <span class='ocrx_word' id='word_1_385' title='bbox 770 4255 977 4335; x_wconf 90' lang='lat' dir='ltr'><strong>clericorum,</strong></span> <span class='ocrx_word' id='word_1_386' title='bbox 1006 4256 1152 4337; x_wconf 87' lang='lat' dir='ltr'><strong>quamvis</strong></span> <span class='ocrx_word' id='word_1_387' title='bbox 1180 4272 1259 4337; x_wconf 85' lang='lat' dir='ltr'><strong>erga</strong></span> <span class='ocrx_word' id='word_1_388' title='bbox 1326 4306 1344 4332; x_wconf 84' lang='grc'><strong><em>,</em></strong></span> 
     </span>
     <span class='ocr_line' id='line_1_47' title="bbox 101 4336 1259 4422; baseline -0.002 -20"><span class='ocrx_word' id='word_1_389' title='bbox 101 4355 219 4402; x_wconf 70' lang='lat' dir='ltr'><strong>uxorum</strong></span> <span class='ocrx_word' id='word_1_390' title='bbox 238 4339 396 4421; x_wconf 89' lang='lat' dir='ltr'><strong>proprias,</strong></span> <span class='ocrx_word' id='word_1_391' title='bbox 425 4336 649 4401; x_wconf 87' lang='lat' dir='ltr'><strong>incontinentia</strong></span> <span class='ocrx_word' id='word_1_392' title='bbox 673 4341 852 4422; x_wconf 84' lang='lat' dir='ltr'><strong>referretur,</strong></span> <span class='ocrx_word' id='word_1_393' title='bbox 879 4341 1011 4422; x_wconf 91' lang='lat' dir='ltr'><strong>placuit,</strong></span> <span class='ocrx_word' id='word_1_394' title='bbox 1036 4343 1204 4422; x_wconf 87' lang='lat' dir='ltr'><strong>episcopos</strong></span> <span class='ocrx_word' id='word_1_395' title='bbox 1224 4346 1259 4400; x_wconf 90' lang='lat' dir='ltr'><strong>et</strong></span> 
     </span>
     <span class='ocr_line' id='line_1_48' title="bbox 101 4419 1259 4507; baseline -0.002 -20"><span class='ocrx_word' id='word_1_396' title='bbox 101 4425 305 4507; x_wconf 78' lang='lat' dir='ltr'><strong>presbyteros</strong></span> <span class='ocrx_word' id='word_1_397' title='bbox 322 4433 356 4488; x_wconf 88' lang='lat' dir='ltr'><strong>et</strong></span> <span class='ocrx_word' id='word_1_398' title='bbox 372 4423 524 4486; x_wconf 84' lang='lat' dir='ltr'><strong>diaconos</strong></span> <span class='ocrx_word' id='word_1_399' title='bbox 544 4419 716 4489; x_wconf 84' lang='lat' dir='ltr'><strong>secundum</strong></span> <span class='ocrx_word' id='word_1_400' title='bbox 737 4421 838 4506; x_wconf 90' lang='lat' dir='ltr'><strong>priora</strong></span> <span class='ocrx_word' id='word_1_401' title='bbox 858 4433 978 4489; x_wconf 86' lang='lat' dir='ltr'><strong>statuta</strong></span> <span class='ocrx_word' id='word_1_402' title='bbox 1000 4426 1095 4491; x_wconf 85' lang='lat' dir='ltr'><strong>etiam</strong></span> <span class='ocrx_word' id='word_1_403' title='bbox 1115 4425 1155 4488; x_wconf 87' lang='lat' dir='ltr'><strong>ah</strong></span> <span class='ocrx_word' id='word_1_404' title='bbox 1175 4441 1259 4486; x_wconf 88' lang='lat' dir='ltr'><strong>uxo-</strong></span> 
     </span>
    </p>
   </div>
   <div class='ocr_carea' id='block_1_9' title="bbox 101 4549 301 4566">
    <p class='ocr_par' dir='ltr' id='par_1_9' title="bbox 101 4549 301 4566">
     <span class='ocr_line' id='line_1_49' title="bbox 101 4549 301 4566; baseline -0.01 -2"><span class='ocrx_word' id='word_1_405' title='bbox 101 4549 301 4566; x_wconf 57' lang='lat' dir='ltr'><strong><em>m</em></strong></span> 
     </span>
    </p>
   </div>
   <div class='ocr_carea' id='block_1_10' title="bbox 137 4577 1258 4694">
    <p class='ocr_par' dir='ltr' id='par_1_10' title="bbox 137 4577 1258 4694">
     <span class='ocr_line' id='line_1_50' title="bbox 137 4577 1258 4694; baseline 0.007 -46"><span class='ocrx_word' id='word_1_406' title='bbox 137 4597 167 4662; x_wconf 89' lang='lat'><strong>¹)</strong></span> <span class='ocrx_word' id='word_1_407' title='bbox 184 4595 282 4650; x_wconf 80' lang='lat' dir='ltr'><strong>Forte:</strong></span> <span class='ocrx_word' id='word_1_408' title='bbox 300 4605 329 4650; x_wconf 87' lang='lat' dir='ltr'><strong>at</strong></span> <span class='ocrx_word' id='word_1_409' title='bbox 347 4614 382 4650; x_wconf 83' lang='lat' dir='ltr'><strong>ea</strong></span> <span class='ocrx_word' id='word_1_410' title='bbox 399 4598 465 4665; x_wconf 67' lang='lat' dir='ltr'><strong>tara</strong></span> <span class='ocrx_word' id='word_1_411' title='bbox 482 4596 565 4652; x_wconf 75' lang='lat' dir='ltr'><strong>Haud.</strong></span> <span class='ocrx_word' id='word_1_412' title='bbox 584 4625 618 4638; x_wconf 85' lang='lat'><strong>--</strong></span> <span class='ocrx_word' id='word_1_413' title='bbox 653 4597 741 4664; x_wconf 76' lang='lat' dir='ltr'><strong>²)a1.</strong></span> <span class='ocrx_word' id='word_1_414' title='bbox 759 4577 939 4694; x_wconf 57' lang='lat' dir='ltr'><strong>compensatio.</strong></span> <span class='ocrx_word' id='word_1_415' title='bbox 957 4625 992 4638; x_wconf 91' lang='lat'>-</span> <span class='ocrx_word' id='word_1_416' title='bbox 1028 4595 1058 4666; x_wconf 71' lang='lat'><strong>³)</strong></span> <span class='ocrx_word' id='word_1_417' title='bbox 1074 4593 1258 4672; x_wconf 50' lang='lat' dir='ltr'><strong>Maeotim&amp;</strong></span> 
     </span>
    </p>
   </div>
   <div class='ocr_carea' id='block_1_11' title="bbox 1054 4667 1073 4676">
    <p class='ocr_par' dir='ltr' id='par_1_11' title="bbox 1054 4667 1073 4676">
     <span class='ocr_line' id='line_1_51' title="bbox 1054 4667 1073 4676; baseline 0 -6"><span class='ocrx_word' id='word_1_418' title='bbox 1054 4667 1057 4676; x_wconf 75' lang='grc'><strong>,</strong></span> <span class='ocrx_word' id='word_1_419' title='bbox 1072 4667 1073 4670; x_wconf 71' lang='grc'>,</span> 
     </span>
    </p>
   </div>
   <div class='ocr_carea' id='block_1_12' title="bbox 0 0 1462 5050">
    <p class='ocr_par' dir='ltr' id='par_1_12' title="bbox 0 0 1462 5050">
     <span class='ocr_line' id='line_1_52' title="bbox 0 0 1462 5050; baseline 0 1"><span class='ocrx_word' id='word_1_420' title='bbox 0 0 1462 5050; x_wconf 95' lang='lat' dir='ltr'><strong> </strong></span> 
     </span>
    </p>
   </div>
  </div>
 </body>
</html>
