2880 5050
346 247 990 358 eoncnrnn'uurnmmnrxm
1077 319 1081 332 ι
1179 279 1280 372 ιιι,Ι

179 559 301 622 bldltae
330 577 427 642 super
453 559 515 622 hoo
541 459 709 642 capitrifrifn
735 567 858 646 patrum
880 555 1139 640 'praecedentium
1164 566 1245 620 seu-⁴
1276 569 1279 574 ’

9 655 12 690 '¹
92 646 213 708 tentiae
234 654 449 727 manaverunt,
470 663 531 726 quo
545 646 577 726 ¹)
597 645 759 727 multiplici
779 645 983 728 prohibitione
1004 644 1159 706 sancitum
1181 651 1243 726 eat,
1340 681 1377 704 x·

9 741 12 778 ³
92 737 129 791 ut
150 731 278 792 alterius
300 731 448 792 clericum
468 743 560 792 nemo
583 732 767 812 sollicitare,
788 748 880 792 nemo
899 729 1072 812 fugientem
1092 729 1246 811 recipere,¹

9 831 10 842 ¹
91 834 184 877 uerno
206 817 300 877 etiam
322 824 376 876 aut
396 817 540 877 obcelare
562 819 617 878 adt
637 813 778 879 ordinare
799 815 923 880 audeat.
961 813 1027 880 Sed
1048 815 1120 894 quia
1141 816 1244 875 abura-

93 899 188 962 dante
207 902 370 981 iniquitate
392 909 426 962 et
446 901 672 984 refrigescente
692 903 823 964 caritate
843 919 903 962 nec
924 901 1076 961 honestas
1105 899 1244 962 attendi-¹

94 993 144 1048 tur
164 1005 225 1046 nec
246 985 402 1066 cupiditas
422 987 591 1068 inhibetur,
610 985 765 1069 agendum
788 994 853 1066 est,
873 993 910 1046 ut
929 990 1008 1066 quu‘s
1027 985 1161 1064 impunis
1183 983 1244 1046 ad·
1338 1017 1344 1032 ·

94 1071 222 1132 monitio
251 1088 312 1131 non
342 1069 504 1152 emendat,
532 1069 663 1132 evidens
684 1071 841 1133 sententia
854 1059 1066 1131 'damnationis
1087 1065 1243 1132 coerceat.

94 1155 220 1218 Placuit
241 1175 335 1237 ergo,
361 1164 397 1217 ut
421 1157 523 1218 nullus
543 1157 676 1218 alienum
696 1157 928 1238 presbyterum,
958 1155 1120 1236 abbatem,
1149 1155 1243 1218 mini-

95 1247 192 1302 strum
221 1241 290 1300 sive
303 1238 337 1319 ²)
366 1241 590 1304 subdiaconum
616 1241 669 1302 vel
696 1241 864 1324 quemlibet
891 1241 1037 1304 clericum
1066 1259 1125 1302 seu
1146 1241 1242 1302 edam

94 1325 281 1388 monachum
301 1324 473 1408 fugientem
494 1345 674 1410 vagumque
694 1327 865 1408 suscipiat,
892 1345 954 1388 non
976 1325 1016 1387 ad
1036 1325 1144 1408 fugam
1165 1328 1244 1387 siua-

95 1407 188 1490 deat,
216 1429 279 1494 non
306 1409 401 1492 fugae
428 1411 588 1474 latibulum
615 1413 782 1493 praebeat,
811 1431 872 1472 nou
901 1409 984 1491 apud
1004 1429 1042 1472 se
1062 1411 1168 1472 habito
1187 1410 1243 1471 vel

94 1503 216 1557 retento
245 1494 466 1558 humanitatem
494 1497 675 1578 impendat,
703 1517 767 1558 nou
792 1496 979 1559 occasiones
1011 1497 1122 1576 quibus
1152 1495 1243 1578 quasi
1301 1525 1303 1532 ι
1398 1483 1403 1500 ’

96 1598 134 1642 se
159 1579 324 1640 nesciente
345 1581 416 1642 alibi
435 1583 635 1664 lateatpturpi
656 1581 851 1664 oppositione
877 1581 1056 1664 confingat3
1082 1599 1153 1642 nam
1180 1581 1243 1642 ho-

95 1681 163 1726 rum
193 1665 325 1725 omniurn
353 1667 480 1729 casibus
507 1687 569 1728 nun
596 1667 696 1729 solum
716 1675 856 1748 turpatur
875 1667 1048 1747 honestas,
1077 1665 1136 1728 sed
1157 1674 1190 1728 et
1206 1664 1242 1744 ⁸)

95 1749 249 1830 frequenti
274 1749 412 1814 dolorum
439 1753 608 1816 acerbitate
638 1751 855 1828 confoditur⁴)
882 1743 1066 1814 fraternitas.
1116 1751 1242 1813 Etenim

95 1835 125 1896 si
154 1834 239 1896 dicat
264 1836 334 1916 quis
364 1838 496 1918 simplici
522 1840 624 1899 animo
654 1839 781 1900 alterius
810 1837 956 1899 clericum
976 1835 1160 1916 suscepisse
1180 1853 1272 1919 nec,

95 1937 194 1981 nosse
222 1939 292 1981 eum
318 1921 483 2005 fugitivum
511 1925 666 2008 existere,
696 1931 772 1985 tunc
793 1922 924 1984 evidens
943 1922 1142 1982 innocentiae
1163 1939 1244 2000 suae

95 2006 223 2088 puritasr
242 2005 441 2088 approbanda
468 2017 536 2090 est,
565 2009 688 2090 quando
716 2027 786 2069 eum
814 2027 906 2089 quern
933 2007 1076 2087 suscepit
1105 2015 1139 2068 et
1165 2007 1243 2068 infra

96 2097 169 2151 octo
190 2088 260 2152 dies
276 2089 369 2172 juxta
388 2093 495 2178 legum
516 2095 710 2156 sanctionem
727 2091 826 2173 judici
846 2093 1093 2174 praesentaverit
1114 2099 1147 2153 et
1165 2093 1243 2156 infla

2 2253 5 2258 ,
95 2183 220 2255 tempus
242 2176 365 2259 legibus
386 2181 589 2260 constitutum
610 2179 683 2240 illuc
704 2179 870 2260 fugitivum
890 2177 1063 2259 reduxerit,
1083 2177 1166 2238 unde
1187 2195 1244 2257 per

95 2259 204 2342 fugam
239 2263 447 2344 vagabundus
483 2265 590 2325 exivit.
645 2263 841 2344 Quicumque
869 2281 946 2346 ergo
974 2281 1016 2324 ex
1043 2262 1242 2343 pontificibus

62 2415 67 2424 ,
96 2363 156 2406 seu
182 2347 398 2410 sacerdotibus
428 2349 481 2410 vel
508 2349 665 2426 ministris
685 2350 863 2428 ceterisque
889 2348 1046 2429 religiosis
1072 2346 1164 2427 hujus
1191 2348 1243 2407 iu-

97 2431 270 2491 stitutionis
290 2442 416 2494 nostrae
429 2435 593 2504 violaverit
613 2426 816 2515 sanctionem,
831 2433 859 2495 si
878 2431 1054 2513 hujusmodi
1074 2441 1244 2512 susceptor

98 2515 268 2595 episcopus
289 2525 341 2578 est
372 2527 407 2579 et
434 2539 505 2580 eum
534 2539 625 2600 quem
647 2520 804 2600 suscepit,
836 2537 907 2580 cum
936 2519 986 2579 his
1016 2535 1097 2598 quae
1125 2517 1241 2580 habero

96 2600 200 2682 potuit
220 2609 253 2661 et
266 2600 301 2680 ³)
331 2603 361 2664 ei
388 2617 416 2665 a'
429 2623 489 2686 quo
512 2613 670 2686 evagatus
691 2605 831 2666 estsine
852 2603 998 2666 dilatione
1019 2602 1180 2681 restituet,
1209 2609 1243 2668 et

95 2685 224 2765 iusuper
236 2695 272 2747 ut
286 2705 363 2750 vere
383 2691 557 2772 sacrilegus
580 2685 849 2772 tat-transgressor
868 2685 1070 2750 institutionis
1091 2695 1242 2768 paternae

95 2778 184 2832 tanto
210 2779 350 2853 tempore
377 2777 680 2854 excommunicatum
703 2785 740 2837 et
765 2786 917 2836 remotum
942 2793 980 2836 se
1001 2791 1021 2834 a
1041 2773 1108 2834 suis
1127 2772 1242 2835 officiis

27 2911 33 2930 ,
95 2856 219 2917 noverit
238 2875 329 2940 esse,
351 2870 466 2940 quanto
487 2879 575 2942 eum,
596 2862 648 2942 qui
665 2861 765 2944 fugit,
800 2860 857 2921 sub
880 2877 938 2922 sua
956 2866 1117 2938 potestate
1137 2859 1243 2936 couti-q·

95 2941 179 3021 gerit
199 2959 382 3006 remorasse.
424 2947 461 3008 si
482 2953 587 3008 autern
607 2944 700 3026 hujus
720 2945 919 3007 institutionis
931 2943 965 3022 θ)
995 2953 1121 3005 nostrae
1147 2963 1243 3024 prae·
1288 2982 1293 2987 -

94 3025 253 3086 varicator
270 3031 443 3112 presbyter,
464 3030 615 3093 diaconus
634 3033 686 3106 vel
709 3031 838 3113 quilibet
859 3049 900 3091 ex
921 3029 1077 3111 religiosis
1097 3027 1243 3092 videatur

97 3107 221 3190 haberi,
248 3112 368 3176 reddito
395 3133 433 3176 eo
461 3135 532 3178 cum
559 3119 653 3178 rebus
673 3115 733 3180 sibi
753 3116 866 3178 debitis
886 3133 979 3197 quern
999 3114 1151 3196 suscepit,
1172 3115 1242 3194 ipse

96 3193 185 3255 solus
214 3195 306 3276 apud‘
322 3217 393 3262 euru
421 3219 503 3263 anno
529 3202 650 3284 integro
677 3202 736 3263 sub
756 3199 966 3282 poenitentiae
987 3217 1121 3261 censura
1141 3200 1244 3278 deph-

96 3286 183 3340 tatns
209 3283 382 3366 tenebitur,
411 3286 502 3366 eujus
524 3287 689 3368 fugitivum
716 3287 900 3366 suscepisse
926 3293 1133 3345 monstratur..
1163 3283 1245 3361 Qui-

95 3379 229 3446 cumque
255 3375 360 3430 tamen
387 3373 502 3434 talibus
525 3371 746 3433 humanitatem
776 3369 981 3451 impenderint
993 3368 1044 3449 l),
1076 3367 1187 3431 eadem
1209 3377 1244 3435 et

95 3450 188 3512 simili
209 3469 343 3516 censura
363 3455 469 3538 legum
483 3455 517 3534 8)
538 3449 747 3536 exquirendos
767 3465 801 3518 et
822 3454 1064 3536 obstringendos
1085 3473 1122 3516 ae
1140 3471 1244 3516 nove-

95 3535 172 3614 rint,
201 3553 263 3615 qua
288 3551 492 3621 susceptores
519 3542 718 3624 fugitivorum
746 3541 829 3624 legis
843 3540 877 3618 ⁰)
908 3539 1072 3636 sanctione
1097 3559 1245 3620 praemo-

98 3619 211 3678 nentur
230 3619 390 3706 adstringi.
446 3627 492 3686 llli
520 3626 625 3688 tamen
641 3626 717 3707 ¹⁰),
746 3629 799 3708 qui
820 3625 1096 3706 praedecessorum
1118 3643 1243 3689 suorum

96 3701 128 3764 id
152 3711 257 3766 actum
280 3725 354 3770 csse
375 3713 550 3772 temeritate
572 3711 782 3791 contendunt,
812 3720 889 3771 tune
904 3711 1069 3770 'immunes
1090 3711 1129 3770 ab
1150 3709 1244 3790 hujus

96 3788 222 3849 ultionis
248 3795 407 3856 sententia
432 3796 642 3877 habebuntur,
670 3797 699 3856 si
725 3815 745 3856 a
772 3805 911 3874 ternpore
938 3793 1138 3855 ordinationis
1165 3815 1243 3858 suae

94 3873 173 3935 infra
195 3873 324 3951 duarum
344 3882 498 3944 mensium
520 3883 676 3962 spatium,
704 3879 772 3960 ejus
798 3881 850 3961 qui
872 3877 955 3959 apud
976 3897 1013 3940 se
1035 3886 1086 3938 est
1107 3887 1141 3940 et
1160 3881 1244 3942 late-

87 3957 179 4030 „brun
200 3961 425 4040 publicaverint
447 3975 481 4030 et
501 3983 666 4046 personam
681 3964 803 4026 domino
825 3963 950 4047 fugitivi
969 3962 1156 4026 reduxerint.
1183 3967 1244 4028 llis

94 4060 182 4124 sane,
196 4046 248 4126 qui
263 4047 306 4110 de
318 4051 518 4126 confinitimis
533 4050 691 4132 episcopis
713 4051 890 4138 ceterisque
912 4049 1115 4112 ecelesiarum
1136 4059 1244 4114 recto-

91 4213 292 4238 m

130 4299 159 4369 ¹)
175 4305 242 4370 qued
258 4307 294 4360 M.
330 4337 366 4349 -
397 4309 431 4364 ef.
449 4309 532 4364 Cone.
549 4309 659 4364 Nicaen.
679 4328 701 4364 c.
714 4311 765 4374 17,
789 4307 890 4362 Sardio.
909 4323 931 4359 e.
947 4307 996 4372 18,
1020 4307 1142 4362 Antiooh.
1160 4326 1182 4363 c.
1199 4311 1243 4378 1³,

164 4372 366 4446 Constantinop.
384 4396 409 4432 c.
420 4381 452 4445 3,
477 4380 602 4446 carthag.
617 4381 665 4435 lll.
685 4397 709 4434 c.
725 4380 768 4433 tt.
786 4381 846 4443 2l.‚
864 4379 952 4431 Tolet
965 4379 998 4429 ll.
1018 4394 1042 4430 c.
1054 4382 1087 4444 2,
1103 4381 1243 4434 Bratanl.

163 4457 186 4492 e.
205 4444 230 4496 8.
265 4475 298 4486 -
338 4449 367 4516 ξ)
383 4451 436 4502 aive
453 4451 529 4504 deest
546 4465 588 4518 ap.
604 4449 643 4502 M.
677 4479 713 4491 ·-
748 4448 778 4515 8)
796 4456 821 4500 et
840 4449 1028 4515 deonanti.
1062 4477 1098 4490 -
1137 4451 1168 4517 ⁴)
1185 4467 1245 4502 con-

163 4513 279 4576 funditur
295 4515 352 4570 BR.
372 4517 417 4584 (cs.
435 4533 496 4590 pag.
513 4521 573 4572 333.
597 4525 652 4572 ιιοι.
668 4519 714 4587 1.).
748 4543 784 4557 ·-·
821 4517 849 4586 ⁵)
867 4517 1008 4569 Redundat
1023 4515 1088 4567 illud
1103 4524 1137 4572 et.
1160 4519 1245 4572 Hard-

131 4578 369 4660 ‘immutationis
385 4588 422 4640 Μ.
447 4619 483 4630 -
520 4589 548 4656 ι)
566 4590 711 4656 impendunt
728 4589 764 4640 Μ.
786 4615 821 4626 -
857 4587 886 4655 ⁸)
904 4587 994 4654 Leges
1011 4584 1244 4656 haeredatus.

164 4655 203 4706 ιιι.
225 4652 251 4706 6.
286 4683 321 4696 --
365 4657 547 4725 ⁸)leyumM.
581 4686 616 4698 -
666 4659 817 4725 ¹⁰)outanr
835 4655 870 4707 Μ.
905 4685 941 4696 -
