2916 5050
414 269 666 380 'coummuu
687 271 953 376 sinemurum
1202 275 1266 344 roe
1325 217 1327 226 Ι

199 520 298 586 Oelus
324 524 609 608 episcopusdixit:
645 531 689 594 Et
714 531 776 593 hoo
802 531 939 592 universi
966 529 1184 593 constituimus
1191 505 1210 612 ,’
1228 539 1263 594 ut

109 606 303 692 quicumque
334 630 377 674 ex
406 613 468 676 elin
498 611 646 695 parochis
671 617 806 679 volucrit
836 615 970 678 alienum
997 616 1168 678 ministrum
1193 617 1263 678 sinc

110 713 275 758 consensu
294 696 435 778 episcopi
455 699 555 779 ipsius
576 708 610 762 et
630 699 698 763 sinc
709 703 872 764 voluntate
887 701 1036 781 ordinere,
1056 720 1119 764 nou
1131 702 1183 780 ,sit
1195 709 1262 764 reto

109 780 267 844 ordinatio
288 779 367 861 ejus
413 781 609 867 Quicumque
630 795 736 861 eutem
757 788 819 850 hoc
839 786 1050 869 usurpaverit,
1077 787 1262 854 nfrotribus
1319 848 1324 863 ,

110 874 147 930 et
165 867 368 950 co'o'pisoopis
388 871 503 934 nostris
523 879 557 934 et
575 870 733 940 admoneri
754 873 850 940 debet
869 879 904 936 ot
923 872 1046 956 corrigi
1315 889 1319 898 ¹

199 1293 314 1355 Aetius
335 1293 505 1377 episcopus
526 1295 617 1362 dixit:
644 1217 722 1364 iiiii
739 1301 901 1384 ignoretis,
922 1306 1040 1380 quanto
1060 1305 1095 1362 et
1108 1296 1210 1380 qualis
1222 1297 1265 1362 sit
1288 1286 1295 1296 '

8 1417 9 1422 κ
113 1375 445 1442 Thessolonicensium
465 1382 595 1466 civitns3
625 1403 723 1466 saepe
751 1385 791 1448 ed
816 1404 886 1448 eam
906 1385 1037 1446 veniunt
1058 1403 1100 1446 ex
1120 1385 1190 1446 eliis
1211 1403 1265 1446 re-

113 1464 261 1546 gionibus
280 1465 456 1547 presbyteri
477 1475 511 1528 et
532 1469 654 1532 diaconi
683 1479 717 1532 et
733 1490 799 1532 nou
819 1479 893 1532 sunt
913 1465 1053 1532 contenti
1073 1469 1160 1530 brevi
1181 1477 1265 1529 tem-

113 1568 191 1629 pore
212 1550 337 1630 moreti,
364 1550 424 1613 sed
450 1559 505 1614 eut
525 1555 663 1616 resident
684 1555 778 1634 ioi1)
807 1563 862 1618 eut
883 1563 969 1618 certo
991 1555 1048 1615 vix
1068 1561 1142 1633 post
1163 1553 1265 1634 longo
1333 1615 1335 1620 .

113 1636 219 1714 spatie
241 1633 361 1698 adsue
381 1635 481 1698 redire
503 1625 666 1720 eoguntur]
706 1640 853 1716 Universi
874 1639 1033 1702 dixerunt:
1053 1639 1103 1700 lde
1115 1646 1264 1718 tempore,

114 1737 197 1801 queo
219 1720 389 1782 constituta
415 1730 489 1786 sunt
506 1725 593 1789 circe
614 1724 798 1809 episcopos,
828 1733 861 1789 et
882 1727 967 1791 circo
986 1722 1092 1804 hett')
1113 1740 1265 1804 personas

113 1805 273 1870 observent
293 1804 418 1868 debent.

169 2260 173 2265 ·
202 2235 300 2302 0sius
325 2236 496 2317 episcopus
522 2233 614 2298 dixit:
646 2150 855 2319 2guxglgercnte
885 2236 980 2300 fratre
1013 2246 1047 2302 et
1074 2239 1265 2326 coepiscopo
1339 2299 1344 2311 ,

119 2330 226 2385 nostro
246 2321 391 2405 Olympio
404 2320 438 2401 ³)
461 2321 555 2384 etiam
563 2320 638 2390 lnoc
658 2321 791 2401 placuit,
811 2328 848 2382 ut
866 2321 895 2384 si
916 2323 1028 2404 uliquis
1048 2325 1113 2386 vim
1132 2344 1265 2406 perpes·

5 2433 7 2460 ι
119 2425 175 2471 sus
201 2416 252 2470 est
280 2416 314 2472 et
334 2408 439 2488 inique
460 2407 611 2486 expulsus
631 2424 686 2485 pro
709 2405 872 2486 disciplina
899 2415 932 2472 ct
961 2409 1117 2472 catholico
1137 2411 1266 2475 conses-

118 2491 255 2572 sioue‘)
281 2492 335 2555 vel
356 2511 411 2574 pro
433 2490 616 2555 defensione
635 2491 778 2552 veritatis
796 2488 830 2569 ὅ)
856 2491 1013 2575 offirgiens
1033 2495 1187 2576 periculo,
1214 2497 1266 2558 in-

117 2594 237 2641 nocens
258 2586 291 2640 et
311 2577 447 2640 devotus
460 2577 494 2655 ⁶)
517 2576 558 2640 od
579 2575 671 2638 aliem
690 2575 813 2637 venerit
827 2577 996 2659 civitatem,
1017 2598 1081 2639 non
1099 2579 1266 2658 prohiben-

117 2672 166 2726 tur
186 2663 355 2744 immorari,
368 2663 522 2744 -quumdiu
543 2669 598 2722 eut
618 2657 717 2722 redire
737 2660 840 2740 possit
860 2670 916 2722 cut
935 2661 1045 2742 injurie
1065 2661 1134 2741 ojus
1161 2683 1266 2726 reme-
1360 2723 1365 2732 ,

75 2745 78 2756 ’
116 2748 202 2811 dium
223 2748 397 2829 acceperit:
419 2746 621 2829 quin.durum
642 2754 703 2826 est,
723 2763 795 2806 eum
809 2744 843 2823 ⁷)
864 2747 917 2826 qui
937 2749 1187 2828 persecutionem
1206 2769 1267 2830 pn·

116 2835 190 2898 titur
215 2853 279 2896 uon
304 2833 415 2916 recipi3
444 2835 540 2896 etiem
565 2839 599 2894 ct
624 2831 714 2915 largn
741 2831 961 2896 benevolentis
987 2841 1021 2898 ct
1040 2833 1215 2898 humnuitcs
1236 2836 1266 2898 ci

117 2928 168 2983 cst
189 2917 375 2982 exhibendo.
1236 2957 1239 2964 -

201 3085 312 3149 Omnis
333 3084 474 3169 synodus
495 3084 588 3149 dixit:
626 3084 791 3166 Universa,
813 3103 895 3168 quoe
915 3087 1086 3151 constituto-
1105 3097 1189 3171 suut,
1207 3107 1265 3154 ca·

118 3173 234 3236 thelica
255 3172 394 3236 ecclesie
413 3172 446 3232 in
465 3174 612 3234 universo
634 3171 707 3234 orbe
728 3171 843 3234 diffuse
863 3171 1027 3234 custodiet.
1099 3235 1103 3241 ,

201 3260 245 3320 Et
265 3258 532 3338 subscripserunt,
563 3255 616 3338 qui
635 3263 847 3318 couvenerant
868 3255 1008 3336 episcopi
1029 3273 1138 3318 ornnes
1160 3257 1266 3320 diver·

118 3360 222 3406 sorum
247 3344 475 3424 provinciarum
488 3341 521 3420 ⁸)
548 3343 610 3404 sic:
637 3341 709 3423 Ego
735 3341 777 3403 Ν.
807 3341 976 3420 episcopus
1005 3341 1144 3405 civitatis
1164 3345 1206 3408 N.
1233 3351 1266 3406 ct

118 3430 296 3508 propiucinc
316 3431 358 3492 N.
379 3429 425 3494 ito
445 3426 539 3491 credo
561 3427 645 3490 sicut
665 3443 760 3508 supro
780 3427 929 3508 scriptun
951 3434 1003 3490 est
1018 3425 1061 3507 θ).

41 3595 44 3602 ‚
119 3581 318 3599 ἡ

158 3671 186 3741 ¹)
205 3678 313 3728 cmttenli
329 3684 357 3729 nt
374 3677 443 3730 dreni
459 3686 572 3744 temporo
587 3684 747 3729 concretior
764 3684 810 3729 not
825 3677 954 3729 resideant
978 3677 1021 3745 [nl.
1039 3685 1065 3730 ot
1081 3686 1126 3730 cut
1143 3676 1267 3748 resident]

188 3745 304 3797 ibilsid.
341 3775 376 3786 -
416 3749 445 3816 ²)
464 3747 707 3814 crpcioruntlsid.
747 3773 783 3785 —
800 3749 803 3754 '
823 3747 852 3814 ³)
870 3748 957 3814 Aiipio
976 3748 1041 3799 Cod.
1056 3748 1089 3798 T.
1101 3751 1126 3798 2.
1162 3776 1199 3788 -

60 3833 62 3842 ’
156 3809 186 3879 ⁴)
204 3816 405 3882 professionem
424 3833 506 3882 marg.
523 3817 619 3868 Moesi.
653 3841 689 3852 —
725 3815 754 3883 ⁵)
772 3831 819 3880 pro
837 3817 974 3883 disciplina
991 3817 1166 3868 colcollolicn
1180 3819 1267 3884 dosori-

188 3887 262 3936 sione
279 3887 317 3936 ool
334 3889 490 3954 confessione
506 3889 625 3938 veritatis
643 3885 727 3938 Codd.
744 3885 820 3952 Hisp.
838 3884 900 3938 leid.
917 3914 953 3928 -
989 3885 1018 3953 ⁶)
1035 3887 1164 3938 devolutus
1183 3887 1267 3940 Codd.
1299 3934 1303 3946 ,
1368 3941 1370 3948 ,

52 4009 56 4018 ,
130 3977 133 3982 ·
186 3954 266 4022 Hisp.
284 3947 353 4007 lsid.'
380 3987 417 3998 -
458 3957 487 4024 ⁷)
504 3957 594 4008 dierunt
614 3964 652 4009 est
667 3957 733 4008 mrim
750 3953 812 4006 lsid.
852 3983 888 3996 -
927 3954 956 4024 ⁸)
975 3957 1066 4010 dune.
1083 3957 1195 4022 provinc.
1219 3957 1267 4008 de-

188 4032 250 4076 sunt
266 4024 295 4076 in
314 4025 381 4078 Cod.
399 4027 465 4078 Luc.
505 4031 540 4066 -'-
580 4025 609 4092 ⁹)
632 4027 663 4076 ln
680 4025 797 4076 editione
813 4024 970 4089 Moguniiun
986 4025 1052 4078 llaec
1070 4026 1169 4090 legitur
1185 4041 1267 4079 onno-

188 4094 266 4146 tatio:
297 4096 333 4146 Et
348 4095 550 4163 subscripserunt
566 4111 652 4147 omncs
668 4095 780 4161 episcopi
798 4094 957 4146 diversorem}
971 4097 1159 4162 provinciarum
1175 4097 1214 4146 ool
1230 4097 1267 4148 ci-

186 4165 312 4229 olintum,
335 4181 440 4219 nurnero
460 4167 557 4218 CXXI.
603 4166 634 4217 ln
658 4167 740 4217 altero
764 4165 829 4216 Mss.
853 4164 976 4218 dicuntur
998 4164 1179 4218 fuissecco
1200 4169 1268 4216 toste

187 4233 269 4286 Petro
287 4235 400 4288 Crabbe.
435 4238 466 4288 lu
489 4235 624 4304 plerisque
648 4239 735 4287 eutem
758 4233 796 4287 sio
813 4234 924 4300 legitur:
952 4236 989 4287 Et
1004 4235 1206 4302 ntdsmipsornnt
1225 4236 1269 4301 qni

185 4313 364 4428 Ioionodenonont.
402 4307 477 4359 Osins
495 4304 531 4356 nb‘
545 4306 674 4372 Hispania
691 4306 824 4372 episcopos
841 4305 953 4358 civitatis
971 4304 1141 4360 dominionis
1157 4312 1204 4358 otc.
1222 4311 1268 4357 olo.

213 4389 243 4426 or
262 4389 317 4428 utu.
352 4404 388 4418 -
1018 4387 1022 4392 ·
