2880 5050
330 201 863 323 concnmnmnnmrvon
883 257 971 324 xvr.
1162 261 1227 327 aaa
1258 340 1266 358 „

58 425 264 494 nectendum
291 425 505 510 decrevimus,
535 429 617 490 omni
645 429 799 492 subsistat
818 431 925 496 valore
946 428 1110 493 subnixum
1131 436 1227 509 atqua

60 519 104 577 in
126 521 313 596 perpetuum
334 513 473 574 obtineat
492 511 729 588 inconvulsibile
747 515 855 576 robur:
876 515 945 596 ipse
965 531 1041 576 vero
1063 514 1225 576 sisbertus

61 621 129 681 pro
153 599 202 660 sui
218 596 386 676 juramenti
406 601 657 680 transgressione
677 597 886 679 facinorisque
905 600 983 661 tanti
996 599 1225 659 machinatione

63 683 249 755 secundum
277 683 469 762 antiquorum
498 702 649 744 canonum
676 682 918 764 institutionem,
951 701 1013 762 qua
1038 683 1226 761 praecipitur

64 779 110 830 ut
139 767 282 849 quisquis
309 767 455 829 inventus
482 768 574 830 fuerit
595 769 713 830 fecisse
735 771 810 830 talia
830 775 863 828 et
883 770 1014 854 vivente
1033 768 1171 846 principe
1192 768 1224 829 in

63 857 169 916 aliurn
190 851 439 932 attendisscpro
461 853 563 914 futura
579 853 674 934 regni
694 872 752 932 spe
775 869 794 914 a
816 861 973 914 conventu
1003 852 1224 913 catholicomm

64 937 405 1000 excommunicationis
432 940 589 998 sententia
615 939 781 1017 repellatur
791 982 802 1018 ,
831 938 947 998 honore
975 936 1066 998 simul
1095 943 1137 1010 et
1153 937 1223 997 loco

67 1023 229 1102 depulsus
261 1022 464 1101 omnibusque
500 1024 593 1082 rebus
629 1031 768 1100 exutus,
798 1023 972 1102 quibusque
1001 1020 1032 1080 in
1061 1029 1223 1100 potestate

64 1107 229 1188 praedicti
247 1105 394 1186 principis
415 1106 560 1186 redactis,
577 1106 721 1184 perpetui
741 1105 824 1166 exilii
845 1105 1004 1188 ergastulo
1025 1113 1149 1165 maneat
1171 1125 1224 1165 re-

68 1195 223 1273 legatus,
245 1193 289 1250 ita
309 1209 438 1271 nempe,
465 1199 501 1250 ut
521 1189 693 1252 secundum
715 1190 891 1251 eorumdem
911 1191 1104 1269 antiquorum
1125 1207 1225 1250 cano-

67 1296 151 1338 num
172 1276 299 1336 decreta
319 1277 351 1336 in
370 1276 433 1336 fine
456 1275 542 1336 vitae
564 1293 642 1336 sune
670 1279 789 1336 tantum
811 1277 1057 1336 communionem
1078 1275 1222 1354 accipiat,

67 1368 213 1440 excepto
234 1361 263 1420 si
282 1361 371 1440 regia
391 1379 462 1418 eum
482 1361 585 1438 pietas
606 1368 678 1420 ante
701 1360 924 1420 absolvendum
945 1358 1119 1420 crediderit.
1166 1359 1223 1420 Si-

66 1447 138 1506 mili
158 1462 282 1525 quoquc
304 1452 336 1503 et
359 1446 455 1504 ceteri
477 1445 529 1522 qui
558 1444 598 1504 de
624 1445 796 1526 religiosis,
824 1443 990 1524 cujuslibet
1017 1443 1080 1504 sint
1108 1442 1222 1503 ordinis

69 1539 108 1591 et
128 1530 265 1607 honoris,
287 1526 436 1607 deinceps
456 1529 531 1610 talia
553 1535 661 1590 contra
682 1527 851 1608 principem
873 1531 981 1613 egisse
999 1526 1052 1588 vel
1074 1526 1223 1590 delinisse

67 1615 190 1694 reperti
210 1613 383 1692 extiterint,
405 1631 538 1676 censura
558 1613 727 1676 mulctandi
748 1622 830 1676 sunt.

163 1781 256 1844 Sicut
280 1781 373 1842 ulcus
398 1781 480 1861 quod
507 1781 664 1864 granditer
679 1781 711 1859 ι)
745 1782 844 1860 serpit
877 1783 908 1842 in
941 1797 1070 1861 corpore
1100 1780 1223 1840 nonnisi

69 1867 270 1950 gravioribus
289 1866 550 1928 medicaminibus·
563 1876 618 1928 aut
638 1868 717 1927 ferro
738 1875 870 1947 curatur,
891 1866 936 1927 ita
956 1863 1141 1948 perfidorum
1163 1865 1222 1926 ob·
1242 1909 1249 1926 Ι

73 1953 227 2032 stinatio,
254 1969 335 2030 quae
361 1952 536 2012 nullatenus
565 1953 742 2031 cohibetur,
772 1949 942 2012 durioribus
970 1950 1137 2011 sententiis
1161 1969 1222 2010 ne-

72 2057 171 2100 cesse
204 2044 256 2096 est
286 2043 323 2094 ut
354 2036 527 2096 mulctetur.
585 2038 667 2097 Nam
701 2055 885 2115 quamquam
916 2034 1070 2096 dominica
1094 2035 1221 2095 sanctio

70 2129 286 2204 protestetur:
321 2117 395 2182 Non
417 2123 570 2202 morietur
592 2128 691 2203 pater
704 2141 766 2202 pro
778 2119 864 2200 filiis
884 2139 985 2202 neque
996 2119 1068 2200 fllir'
1085 2137 1144 2200 pro
1159 2137 1223 2200 pa-

73 2207 228 2278 rentibus,
245 2205 302 2264 sed
317 2209 527 2286 unusquisque
542 2227 603 2286 pro
619 2213 754 2288 peccato
775 2226 831 2266 suo
852 2209 1025 2280 morisim,-
1045 2212 1079 2266 et
1099 2206 1223 2264 iterum:

76 2291 183 2353 Filius
205 2309 268 2348 oon
282 2291 429 2370 portabit
449 2293 655 2372 iniquitatem
670 2294 796 2372 patris,
825 2298 858 2350 et
879 2298 979 2370 poter
996 2309 1060 2350 non
1075 2288 1223 2370 portabit

75 2377 283 2456 iniquitatem
302 2374 372 2453 filii
388 2375 443 2457 ²),
472 2384 578 2436 tamen
607 2378 679 2456 quia
709 2384 742 2436 et
764 2373 938 2454 jusjurandi
952 2374 986 2452 8)
1013 2372 1222 2453 transgressio

76 2460 234 2542 granditer
247 2457 281 2537 4)
315 2460 444 2520 inolevit
478 2468 510 2522 et
544 2461 741 2522 machinandi
774 2466 883 2544 contra
909 2459 1065 2538 principes
1096 2464 1221 2518 nostros

78 2544 272 2607 consuetudo
299 2563 400 2604 saeva
426 2547 619 2625 percrebuit,
650 2565 710 2626 quo
739 2553 794 2605 aut
818 2561 898 2604 nece
926 2539 1051 2603 diversa
1076 2542 1221 2620 princeps

76 2631 265 2692 interimatur
286 2637 339 2689 aut
357 2627 449 2710 ⁴regni
467 2630 621 2712 dignitate
642 2632 789 2710 privetur,
811 2628 893 2708 quod
914 2627 1109 2706 nequaquam
1131 2625 1221 2686 cohi·
1275 2641 1282 2646 ·

77 2715 143 2778 beri
163 2721 271 2794 potest
291 2714 351 2774 nisi
378 2714 528 2776 severiori
554 2723 705 2796 censura3
736 2715 815 2776 adeo
831 2712 864 2792 ὁ)
892 2731 948 2792 per
973 2709 1065 2790 hujus
1092 2711 1222 2770 institu-

77 2801 171 2862 tionis
202 2806 328 2858 nostrae
362 2797 521 2866 decretum
558 2802 742 2880 sancimus,
777 2808 812 2858 ut
848 2798 1034 2878 quicumque
1062 2795 1222 2874 deincepS,

78 2885 243 2964 cujuslibet
270 2883 313 2944 sit
338 2882 463 2944 honoris
488 2900 623 2962 persona
648 2886 701 2946 vel
730 2883 863 2962 ordinis,
894 2883 925 2942 in
951 2898 1062 2944 necem
1082 2879 1135 2940 vel
1162 2878 1222 2938 de-

75 2967 243 3050 jectionem
263 2967 382 3048 regiam
405 2967 558 3046 quidpiam
579 2966 817 3046 machinaverit,
845 2981 978 3046 eumque
999 2965 1135 3046 qnalibet
1161 2981 1222 3022 no-

78 3054 226 3116 cibilitate
246 3051 455 3131 impetendum
466 3052 499 3131 6)
516 3053 680 3115 crediderit
702 3062 756 3114 ant
777 3061 905 3134 gentem
927 3048 996 3130 ejus
1017 3049 1070 3110 vel
1090 3049 1223 3127 patriam

80 3136 265 3219 quibuslibet
291 3137 477 3198 factionibus
505 3140 558 3199 vel
585 3137 863 3201 machinationibus
890 3135 1062 3196 disturbare
1090 3140 1225 3194 conten·

81 3225 173 3301 derit,
202 3230 267 3282 tam
295 3221 364 3300 ipse
390 3239 482 3302 qnam
511 3225 609 3284 omnis
631 3222 700 3304 ojus
719 3223 902 3300 posteritas,
933 3220 971 3279 ab
994 3219 1076 3279 omni
1096 3217 1225 3295 palatini

80 3308 192 3370 ordinis
222 3305 373 3386 dignitate
397 3308 527 3387 privati,
559 3307 629 3370 fisci
655 3307 773 3368 viribus
805 3306 864 3366 sub
891 3311 1043 3383 perpetua
1070 3301 1224 3362 servitute

80 3400 225 3456 maneant
245 3388 376 3471 religati,
397 3400 559 3470 potestate
579 3400 698 3454 tantum
721 3391 856 3472 glorioso
873 3385 1003 3467 principi
1018 3393 1125 3446 nostro
1141 3385 1225 3465 ngr-

84 3478 317 3553 caniservata,
339 3475 417 3554 uti)
440 3485 494 3536 aut
515 3495 572 3538 eos
599 3479 651 3556 qui
680 3475 745 3556 jam
767 3493 821 3554 pro
843 3489 921 3534 suae
940 3467 1131 3556 infidelitatis
1150 3489 1227 3548 per-a

86 3559 157 3622 lidia
178 3557 329 3619 canonice
349 3561 554 3641 legaliterque
576 3560 738 3640 dijudicati
757 3567 839 3637 sunt,
861 3565 915 3618 aut
936 3575 993 3617 eos
1009 3556 1061 3635 qui
1074 3554 1225 3632 deinceps

85 3643 196 3706 afidei
222 3659 300 3704 suae
321 3641 494 3722 juramento
522 3644 762 3707 aborbitaverint
790 3652 823 3705 et
850 3641 1004 3704 adversus
1033 3637 1241 3719 praedictum*

84 3725 250 3810 principem
274 3737 413 3790 nostrum
439 3731 555 3808 aliquid
581 3731 779 3792 nocibilitatis
806 3727 903 3808 agere
930 3734 984 3798 aut
1008 3722 1178 3785 machinari
1192 3719 1226 3798 8)

73 3813 263 3891 studuerint,
285 3815 313 3873 si
335 3831 391 3875 eos
412 3823 448 3874 ut
468 3814 602 3876 diximus
622 3817 693 3896 piae
712 3805 927 3892 indulgentiae
942 3817 1018 3869 voto
1041 3807 1226 3888 quandoque

85 3900 221 3960 relevare
247 3898 406 3978 maluerit,
432 3899 560 3961 licentia
585 3901 628 3960 illi
652 3913 878 3978 usquequaque
905 3893 1051 3954 manebit.
1091 3895 1134 3954 nt
1155 3893 1228 3973 quia

86 4001 135 4045 res
154 4001 259 4044 eorum
275 3981 363 4061 justo
384 4002 423 4044 ac
442 3985 539 4066 legali
559 3985 650 4048 ruodo
677 3983 709 4043 in
736 3981 876 4062 ejusdem
903 3979 1018 4040 domini
1043 3979 1141 4040 nostri
1168 3977 1228 4038 do-

87 4065 207 4129 minium
222 4066 256 4145 ο)
297 4079 524 4151 pervenerunt,
559 4090 600 4132 ex
632 4069 744 4150 quibus
776 4067 872 4128 etiam
903 4064 1055 4146 quaedam
1089 4061 1254 4141 ejusdem-

86 4153 229 4236 prinoipis
257 4151 423 4216 collatione
451 4161 515 4218 tam
544 4155 703 4220 ecclesiae
725 4151 776 4216 dei
797 4159 889 4236 quam
909 4151 1013 4234 proles
1028 4147 1061 4226 1)
1088 4145 1230 4228 ejusdem

85 4305 281 4328 ..n-t-——n

121 4401 148 4468 1)
163 4401 278 4486 proptrer
294 4401 361 4486 Egi.
379 4405 413 4456 T.
424 4405 448 4454 1.
458 4405 494 4466 2.,
507 4409 534 4454 et
545 4404 583 4455 Μ.
615 4433 650 4486 Ἶ-
685 4405 714 4472 2)
732 4407 876 4456 D‘ente'ron.
890 4399 934 4464 24,
948 4400 989 4453 16.
1015 4399 1112 4452 Ezeclr.
1128 4401 1171 4466 18,
1189 4400 1231 4454 20.

123 4470 425 4609 iltitttllllkllt)
442 4472 833 4608 retractatas-t
851 4471 975 4592 itt:
1001 4472 1234 4608 ‘Elaia

154 4625 217 4660 coro
234 4611 273 4662 Μ,
314 4641 349 4654 -
398 4613 427 4681 ο)
445 4612 609 4664 dominiobl.
650 4635 685 4652 -ι
729 4611 779 4678 ¹⁰)
795 4613 878 4680 prolis
894 4609 931 4661 bl.
966 4637 1000 4650 -
