<?xml version="1.0" encoding="UTF-8"?>
<!DOCTYPE html PUBLIC "-//W3C//DTD XHTML 1.0 Transitional//EN"
    "http://www.w3.org/TR/xhtml1/DTD/xhtml1-transitional.dtd">
<html xmlns="http://www.w3.org/1999/xhtml" xml:lang="en" lang="en">
 <head>
  <title>
</title>
<meta http-equiv="Content-Type" content="text/html;charset=utf-8" />
  <meta name='ocr-system' content='tesseract 3.04.00' />
  <meta name='ocr-capabilities' content='ocr_page ocr_carea ocr_par ocr_line ocrx_word'/>
</head>
<body>
  <div class='ocr_page' id='page_1' title='image "./canonesapostolo00brungoog/canonesapostolo00brungoog_0400.png"; bbox 0 0 2880 5050; ppageno 0'>
   <div class='ocr_carea' id='block_1_1' title="bbox 304 249 1207 335">
    <p class='ocr_par' dir='ltr' id='par_1_1' title="bbox 304 249 1207 335">
     <span class='ocr_line' id='line_1_1' title="bbox 304 249 1207 335; baseline -0.008 -1"><span class='ocrx_word' id='word_1_1' title='bbox 304 249 547 335; x_wconf 76' lang='lat' dir='ltr'>cononum</span> <span class='ocrx_word' id='word_1_2' title='bbox 568 258 838 328; x_wconf 77' lang='lat' dir='ltr'>ronnramm</span> <span class='ocrx_word' id='word_1_3' title='bbox 858 263 959 330; x_wconf 87' lang='lat' dir='ltr'>xvn.</span> <span class='ocrx_word' id='word_1_4' title='bbox 1141 259 1207 328; x_wconf 79' lang='lat' dir='ltr'>aar</span> 
     </span>
    </p>
   </div>
   <div class='ocr_carea' id='block_1_2' title="bbox 12 413 1204 670">
    <p class='ocr_par' dir='ltr' id='par_1_2' title="bbox 12 413 1204 670">
     <span class='ocr_line' id='line_1_2' title="bbox 12 413 1204 528; baseline -0.012 -16"><span class='ocrx_word' id='word_1_5' title='bbox 12 443 206 512; x_wconf 77' lang='lat' dir='ltr'>mensium</span> <span class='ocrx_word' id='word_1_6' title='bbox 242 439 356 528; x_wconf 87' lang='lat' dir='ltr'>spatiis</span> <span class='ocrx_word' id='word_1_7' title='bbox 388 437 465 504; x_wconf 76' lang='lat' dir='ltr'>seso</span> <span class='ocrx_word' id='word_1_8' title='bbox 499 439 669 502; x_wconf 87' lang='lat' dir='ltr'>noverita</span> <span class='ocrx_word' id='word_1_9' title='bbox 703 413 836 498; x_wconf 73' lang='lat' dir='ltr'>sanctam</span> <span class='ocrx_word' id='word_1_10' title='bbox 873 423 1096 498; x_wconf 79' lang='lat' dir='ltr'><strong>communionis</strong></span> <span class='ocrx_word' id='word_1_11' title='bbox 1128 445 1204 517; x_wconf 83' lang='lat' dir='ltr'>per-</span> 
     </span>
     <span class='ocr_line' id='line_1_3' title="bbox 17 530 649 670; baseline -0.024 -72"><span class='ocrx_word' id='word_1_12' title='bbox 17 534 200 618; x_wconf 78' lang='lat' dir='ltr'><strong>ceptione</strong></span> <span class='ocrx_word' id='word_1_13' title='bbox 220 530 411 594; x_wconf 88' lang='lat' dir='ltr'>frustratnm.</span> <span class='ocrx_word' id='word_1_14' title='bbox 601 606 649 670; x_wconf 72' lang='lat' dir='ltr'>w</span> 
     </span>
    </p>
   </div>
   <div class='ocr_carea' id='block_1_3' title="bbox 27 689 1301 2538">
    <p class='ocr_par' dir='ltr' id='par_1_3' title="bbox 27 689 1301 2538">
     <span class='ocr_line' id='line_1_4' title="bbox 133 689 1205 778; baseline -0.013 -12"><span class='ocrx_word' id='word_1_15' title='bbox 133 699 345 766; x_wconf 86' lang='lat' dir='ltr'>Sacerdotum</span> <span class='ocrx_word' id='word_1_16' title='bbox 360 693 575 778; x_wconf 73' lang='lat' dir='ltr'>&#39;quorumdam</span> <span class='ocrx_word' id='word_1_17' title='bbox 603 689 803 772; x_wconf 87' lang='lat' dir='ltr'>improbanda</span> <span class='ocrx_word' id='word_1_18' title='bbox 831 690 978 752; x_wconf 90' lang='lat' dir='ltr'>voluntas</span> <span class='ocrx_word' id='word_1_19' title='bbox 1008 698 1042 752; x_wconf 90' lang='lat' dir='ltr'>et</span> <span class='ocrx_word' id='word_1_20' title='bbox 1067 689 1205 752; x_wconf 88' lang='lat' dir='ltr'>infausta</span> 
     </span>
     <span class='ocr_line' id='line_1_5' title="bbox 27 774 1203 856; baseline -0.014 -3"><span class='ocrx_word' id='word_1_21' title='bbox 27 790 216 854; x_wconf 79' lang='lat' dir='ltr'>temeritas</span> <span class='ocrx_word' id='word_1_22' title='bbox 248 791 453 848; x_wconf 85' lang='lat' dir='ltr'>sacrosancta</span> <span class='ocrx_word' id='word_1_23' title='bbox 486 780 544 841; x_wconf 90' lang='lat' dir='ltr'>sibi</span> <span class='ocrx_word' id='word_1_24' title='bbox 577 778 745 840; x_wconf 89' lang='lat' dir='ltr'>commissa</span> <span class='ocrx_word' id='word_1_25' title='bbox 774 776 880 836; x_wconf 89' lang='lat' dir='ltr'>altaris</span> <span class='ocrx_word' id='word_1_26' title='bbox 908 774 1078 836; x_wconf 89' lang='lat' dir='ltr'>ministeria</span> <span class='ocrx_word' id='word_1_27' title='bbox 1107 783 1203 856; x_wconf 89' lang='lat' dir='ltr'>atquo</span> 
     </span>
     <span class='ocr_line' id='line_1_6' title="bbox 29 859 1204 940; baseline -0.014 -1"><span class='ocrx_word' id='word_1_28' title='bbox 29 884 161 940; x_wconf 83' lang='lat' dir='ltr'>cetera</span> <span class='ocrx_word' id='word_1_29' title='bbox 184 869 341 934; x_wconf 88' lang='lat' dir='ltr'>ecclesiae</span> <span class='ocrx_word' id='word_1_30' title='bbox 363 873 544 928; x_wconf 86' lang='lat' dir='ltr'>ornamenta</span> <span class='ocrx_word' id='word_1_31' title='bbox 564 881 626 924; x_wconf 94' lang='lat' dir='ltr'>non</span> <span class='ocrx_word' id='word_1_32' title='bbox 647 862 747 924; x_wconf 93' lang='lat' dir='ltr'>solum</span> <span class='ocrx_word' id='word_1_33' title='bbox 762 859 794 938; x_wconf 78' lang='grc' dir='ltr'>ι)</span> <span class='ocrx_word' id='word_1_34' title='bbox 824 861 893 921; x_wconf 91' lang='lat' dir='ltr'>aliis</span> <span class='ocrx_word' id='word_1_35' title='bbox 913 860 1039 922; x_wconf 88' lang='lat' dir='ltr'>tradunt</span> <span class='ocrx_word' id='word_1_36' title='bbox 1059 879 1114 940; x_wconf 89' lang='lat' dir='ltr'>pro</span> <span class='ocrx_word' id='word_1_37' title='bbox 1136 862 1204 922; x_wconf 87' lang='lat' dir='ltr'>suis</span> 
     </span>
     <span class='ocr_line' id='line_1_7' title="bbox 28 944 1203 1041; baseline -0.014 -18"><span class='ocrx_word' id='word_1_38' title='bbox 28 959 254 1041; x_wconf 83' lang='lat' dir='ltr'>nequissimis</span> <span class='ocrx_word' id='word_1_39' title='bbox 275 955 398 1018; x_wconf 89' lang='lat' dir='ltr'>actibus</span> <span class='ocrx_word' id='word_1_40' title='bbox 418 948 585 1028; x_wconf 88' lang='lat' dir='ltr'>abutenda,</span> <span class='ocrx_word' id='word_1_41' title='bbox 606 946 673 1028; x_wconf 86' lang='lat' dir='ltr'>sed,</span> <span class='ocrx_word' id='word_1_42' title='bbox 693 945 782 1026; x_wconf 91' lang='lat' dir='ltr'>quod</span> <span class='ocrx_word' id='word_1_43' title='bbox 796 944 888 1025; x_wconf 88' lang='lat' dir='ltr'>pejus</span> <span class='ocrx_word' id='word_1_44' title='bbox 910 955 972 1025; x_wconf 87' lang='lat' dir='ltr'>est,</span> <span class='ocrx_word' id='word_1_45' title='bbox 993 947 1060 1008; x_wconf 86' lang='lat' dir='ltr'>suis</span> <span class='ocrx_word' id='word_1_46' title='bbox 1082 965 1121 1008; x_wconf 88' lang='lat' dir='ltr'>ea</span> <span class='ocrx_word' id='word_1_47' title='bbox 1141 965 1203 1007; x_wconf 93' lang='lat' dir='ltr'>non</span> 
     </span>
     <span class='ocr_line' id='line_1_8' title="bbox 31 1029 1208 1127; baseline -0.014 -20"><span class='ocrx_word' id='word_1_48' title='bbox 31 1045 280 1127; x_wconf 86' lang='lat' dir='ltr'>pertimescunt</span> <span class='ocrx_word' id='word_1_49' title='bbox 309 1038 419 1100; x_wconf 88' lang='lat' dir='ltr'>usibus</span> <span class='ocrx_word' id='word_1_50' title='bbox 445 1034 615 1116; x_wconf 88' lang='lat' dir='ltr'>adjungere</span> <span class='ocrx_word' id='word_1_51' title='bbox 646 1030 838 1094; x_wconf 87' lang='lat' dir='ltr'>insumenda.</span> <span class='ocrx_word' id='word_1_52' title='bbox 888 1029 978 1092; x_wconf 90' lang='lat' dir='ltr'>Unde</span> <span class='ocrx_word' id='word_1_53' title='bbox 1009 1031 1085 1092; x_wconf 89' lang='lat' dir='ltr'>lieet</span> <span class='ocrx_word' id='word_1_54' title='bbox 1118 1031 1208 1092; x_wconf 85' lang='lat' dir='ltr'>anti·</span> 
     </span>
     <span class='ocr_line' id='line_1_9' title="bbox 36 1117 1205 1212; baseline -0.011 -22"><span class='ocrx_word' id='word_1_55' title='bbox 36 1147 184 1212; x_wconf 88' lang='lat' dir='ltr'>quorum</span> <span class='ocrx_word' id='word_1_56' title='bbox 218 1135 338 1208; x_wconf 87' lang='lat' dir='ltr'>patmm</span> <span class='ocrx_word' id='word_1_57' title='bbox 370 1122 527 1184; x_wconf 89' lang='lat' dir='ltr'>sententia</span> <span class='ocrx_word' id='word_1_58' title='bbox 540 1119 575 1195; x_wconf 65' lang='grc'>2)</span> <span class='ocrx_word' id='word_1_59' title='bbox 606 1117 646 1206; x_wconf 85' lang='lat' dir='ltr'>de</span> <span class='ocrx_word' id='word_1_60' title='bbox 672 1117 786 1178; x_wconf 87' lang='lat' dir='ltr'>talibus</span> <span class='ocrx_word' id='word_1_61' title='bbox 813 1117 977 1194; x_wconf 87' lang='lat' dir='ltr'>personis,</span> <span class='ocrx_word' id='word_1_62' title='bbox 1012 1135 1094 1196; x_wconf 85' lang='lat' dir='ltr'>quac</span> <span class='ocrx_word' id='word_1_63' title='bbox 1122 1133 1205 1178; x_wconf 85' lang='lat' dir='ltr'>vasa</span> 
     </span>
     <span class='ocr_line' id='line_1_10' title="bbox 36 1197 1301 1283; baseline -0.013 -5"><span class='ocrx_word' id='word_1_64' title='bbox 36 1213 248 1278; x_wconf 81' lang='lat' dir='ltr'>solummodo</span> <span class='ocrx_word' id='word_1_65' title='bbox 269 1226 361 1273; x_wconf 88' lang='lat' dir='ltr'>sacra</span> <span class='ocrx_word' id='word_1_66' title='bbox 381 1201 562 1283; x_wconf 90' lang='lat' dir='ltr'>disperdunt</span> <span class='ocrx_word' id='word_1_67' title='bbox 582 1203 747 1264; x_wconf 85' lang='lat' dir='ltr'>voluntate</span> <span class='ocrx_word' id='word_1_68' title='bbox 767 1197 941 1279; x_wconf 82' lang='lat' dir='ltr'>sacrilega,</span> <span class='ocrx_word' id='word_1_69' title='bbox 971 1199 1063 1260; x_wconf 73' lang='lat' dir='ltr'>fiterit</span> <span class='ocrx_word' id='word_1_70' title='bbox 1085 1200 1150 1280; x_wconf 88' lang='lat' dir='ltr'>jam</span> <span class='ocrx_word' id='word_1_71' title='bbox 1171 1199 1203 1262; x_wconf 92' lang='lat' dir='ltr'>in</span> <span class='ocrx_word' id='word_1_72' title='bbox 1298 1236 1301 1240; x_wconf 19' lang='grc' dir='ltr'><strong>Δ</strong></span> 
     </span>
     <span class='ocr_line' id='line_1_11' title="bbox 38 1279 1205 1380; baseline -0.009 -23"><span class='ocrx_word' id='word_1_73' title='bbox 38 1293 233 1380; x_wconf 89' lang='lat' dir='ltr'>praeteritis</span> <span class='ocrx_word' id='word_1_74' title='bbox 264 1291 481 1374; x_wconf 85' lang='lat' dir='ltr'>promulgata,</span> <span class='ocrx_word' id='word_1_75' title='bbox 516 1295 621 1348; x_wconf 90' lang='lat' dir='ltr'>tamon</span> <span class='ocrx_word' id='word_1_76' title='bbox 657 1285 689 1344; x_wconf 90' lang='lat' dir='ltr'>in</span> <span class='ocrx_word' id='word_1_77' title='bbox 722 1301 887 1344; x_wconf 89' lang='lat' dir='ltr'>commune</span> <span class='ocrx_word' id='word_1_78' title='bbox 914 1279 1065 1364; x_wconf 78' lang='lat' dir='ltr'>deinceps</span> <span class='ocrx_word' id='word_1_79' title='bbox 1093 1285 1205 1346; x_wconf 83' lang='lat' dir='ltr'>statuit</span> 
     </span>
     <span class='ocr_line' id='line_1_12' title="bbox 41 1367 1204 1456; baseline -0.01 -11"><span class='ocrx_word' id='word_1_80' title='bbox 41 1379 242 1445; x_wconf 70' lang='lat' dir='ltr'>coadunatio</span> <span class='ocrx_word' id='word_1_81' title='bbox 268 1385 393 1456; x_wconf 83' lang='lat' dir='ltr'>nostra,</span> <span class='ocrx_word' id='word_1_82' title='bbox 420 1382 542 1435; x_wconf 87' lang='lat' dir='ltr'>utnon</span> <span class='ocrx_word' id='word_1_83' title='bbox 573 1377 694 1432; x_wconf 88' lang='lat' dir='ltr'>tanturn</span> <span class='ocrx_word' id='word_1_84' title='bbox 722 1367 762 1429; x_wconf 89' lang='lat' dir='ltr'>de</span> <span class='ocrx_word' id='word_1_85' title='bbox 790 1369 889 1429; x_wconf 87' lang='lat' dir='ltr'>sacris</span> <span class='ocrx_word' id='word_1_86' title='bbox 916 1369 1110 1451; x_wconf 83' lang='lat' dir='ltr'>ministeriis,</span> <span class='ocrx_word' id='word_1_87' title='bbox 1143 1370 1204 1433; x_wconf 89' lang='lat' dir='ltr'>sed</span> 
     </span>
     <span class='ocr_line' id='line_1_13' title="bbox 42 1453 1204 1538; baseline -0.01 -9"><span class='ocrx_word' id='word_1_88' title='bbox 42 1463 153 1530; x_wconf 87' lang='lat' dir='ltr'>etiam·</span> <span class='ocrx_word' id='word_1_89' title='bbox 178 1473 211 1526; x_wconf 89' lang='lat' dir='ltr'>et</span> <span class='ocrx_word' id='word_1_90' title='bbox 237 1463 276 1525; x_wconf 88' lang='lat' dir='ltr'>de</span> <span class='ocrx_word' id='word_1_91' title='bbox 304 1457 460 1522; x_wconf 89' lang='lat' dir='ltr'>universis</span> <span class='ocrx_word' id='word_1_92' title='bbox 488 1456 646 1538; x_wconf 85' lang='lat' dir='ltr'>ecclcsiae</span> <span class='ocrx_word' id='word_1_93' title='bbox 672 1454 859 1514; x_wconf 82' lang='lat' dir='ltr'>ornamentis</span> <span class='ocrx_word' id='word_1_94' title='bbox 885 1453 958 1513; x_wconf 91' lang='lat' dir='ltr'>nihil</span> <span class='ocrx_word' id='word_1_95' title='bbox 988 1456 1204 1536; x_wconf 85' lang='lat' dir='ltr'>unusquisque</span> 
     </span>
     <span class='ocr_line' id='line_1_14' title="bbox 44 1538 1204 1627; baseline -0.011 -12"><span class='ocrx_word' id='word_1_96' title='bbox 44 1549 253 1616; x_wconf 81' lang='lat' dir='ltr'>sacerdotum</span> <span class='ocrx_word' id='word_1_97' title='bbox 281 1566 337 1627; x_wconf 91' lang='lat' dir='ltr'>pro</span> <span class='ocrx_word' id='word_1_98' title='bbox 359 1545 425 1607; x_wconf 92' lang='lat' dir='ltr'>suis</span> <span class='ocrx_word' id='word_1_99' title='bbox 445 1541 555 1605; x_wconf 85' lang='lat' dir='ltr'>usibus</span> <span class='ocrx_word' id='word_1_100' title='bbox 574 1541 628 1602; x_wconf 82' lang='lat' dir='ltr'>vel</span> <span class='ocrx_word' id='word_1_101' title='bbox 647 1539 862 1600; x_wconf 87' lang='lat' dir='ltr'>voluntatibus</span> <span class='ocrx_word' id='word_1_102' title='bbox 883 1538 1093 1621; x_wconf 85' lang='lat' dir='ltr'>confringere,</span> <span class='ocrx_word' id='word_1_103' title='bbox 1119 1541 1204 1602; x_wconf 82' lang='lat' dir='ltr'>ven-&#39;-</span> 
     </span>
     <span class='ocr_line' id='line_1_15' title="bbox 47 1625 1203 1714; baseline -0.01 -14"><span class='ocrx_word' id='word_1_104' title='bbox 47 1637 129 1700; x_wconf 88' lang='lat' dir='ltr'>dere</span> <span class='ocrx_word' id='word_1_105' title='bbox 158 1644 214 1697; x_wconf 90' lang='lat' dir='ltr'>aut</span> <span class='ocrx_word' id='word_1_106' title='bbox 240 1632 424 1714; x_wconf 80' lang='lat' dir='ltr'>naufragare</span> <span class='ocrx_word' id='word_1_107' title='bbox 451 1633 618 1710; x_wconf 86' lang='lat' dir='ltr'>pertentet.</span> <span class='ocrx_word' id='word_1_108' title='bbox 666 1625 703 1686; x_wconf 81' lang='lat' dir='ltr'>si</span> <span class='ocrx_word' id='word_1_109' title='bbox 730 1625 800 1704; x_wconf 91' lang='lat' dir='ltr'>quis</span> <span class='ocrx_word' id='word_1_110' title='bbox 818 1641 895 1684; x_wconf 87' lang='lat' dir='ltr'>vero</span> <span class='ocrx_word' id='word_1_111' title='bbox 923 1626 1121 1688; x_wconf 87' lang='lat' dir='ltr'>sacerdotum</span> <span class='ocrx_word' id='word_1_112' title='bbox 1141 1627 1203 1689; x_wconf 88' lang='lat' dir='ltr'>hoc</span> 
     </span>
     <span class='ocr_line' id='line_1_16' title="bbox 46 1709 1205 1790; baseline -0.012 -4"><span class='ocrx_word' id='word_1_113' title='bbox 46 1729 196 1786; x_wconf 79' lang='lat' dir='ltr'>nostrum</span> <span class='ocrx_word' id='word_1_114' title='bbox 215 1719 332 1779; x_wconf 90' lang='lat' dir='ltr'>violare</span> <span class='ocrx_word' id='word_1_115' title='bbox 352 1713 521 1777; x_wconf 86' lang='lat' dir='ltr'>tentaverit</span> <span class='ocrx_word' id='word_1_116' title='bbox 546 1711 719 1773; x_wconf 88' lang='lat' dir='ltr'>institutum</span> <span class='ocrx_word' id='word_1_117' title='bbox 733 1709 788 1790; x_wconf 79' lang='lat'>³),</span> <span class='ocrx_word' id='word_1_118' title='bbox 816 1709 988 1772; x_wconf 89' lang='lat' dir='ltr'>secundum</span> <span class='ocrx_word' id='word_1_119' title='bbox 1013 1712 1117 1790; x_wconf 88' lang='lat' dir='ltr'>prisca</span> <span class='ocrx_word' id='word_1_120' title='bbox 1144 1714 1205 1773; x_wconf 78' lang='lat' dir='ltr'>ca-&#39;</span> 
     </span>
     <span class='ocr_line' id='line_1_17' title="bbox 50 1795 1209 1878; baseline -0.01 -8"><span class='ocrx_word' id='word_1_121' title='bbox 50 1825 171 1871; x_wconf 92' lang='lat' dir='ltr'>nonum</span> <span class='ocrx_word' id='word_1_122' title='bbox 193 1803 336 1866; x_wconf 88' lang='lat' dir='ltr'>instituta</span> <span class='ocrx_word' id='word_1_123' title='bbox 354 1801 480 1862; x_wconf 90' lang='lat' dir='ltr'>honoris</span> <span class='ocrx_word' id='word_1_124' title='bbox 499 1798 612 1878; x_wconf 91' lang='lat' dir='ltr'>proprii</span> <span class='ocrx_word' id='word_1_125' title='bbox 633 1795 770 1857; x_wconf 86' lang='lat' dir='ltr'>ordinem</span> <span class='ocrx_word' id='word_1_126' title='bbox 792 1795 925 1875; x_wconf 89' lang='lat' dir='ltr'>amittat,</span> <span class='ocrx_word' id='word_1_127' title='bbox 947 1805 980 1857; x_wconf 91' lang='lat' dir='ltr'>et</span> <span class='ocrx_word' id='word_1_128' title='bbox 992 1795 1027 1874; x_wconf 73' lang='grc'>4)</span> <span class='ocrx_word' id='word_1_129' title='bbox 1046 1805 1081 1858; x_wconf 89' lang='lat' dir='ltr'>ut</span> <span class='ocrx_word' id='word_1_130' title='bbox 1102 1795 1209 1859; x_wconf 68' lang='lat' dir='ltr'>sacri-i</span> 
     </span>
     <span class='ocr_line' id='line_1_18' title="bbox 48 1878 1204 1975; baseline -0.01 -19"><span class='ocrx_word' id='word_1_131' title='bbox 48 1895 149 1975; x_wconf 75' lang='lat' dir='ltr'>legiis</span> <span class='ocrx_word' id='word_1_132' title='bbox 182 1888 311 1971; x_wconf 88' lang='lat' dir='ltr'>perenni</span> <span class='ocrx_word' id='word_1_133' title='bbox 341 1883 466 1946; x_wconf 89' lang='lat' dir='ltr'>infamio</span> <span class='ocrx_word' id='word_1_134' title='bbox 495 1883 662 1945; x_wconf 89' lang='lat' dir='ltr'>denotatus</span> <span class='ocrx_word' id='word_1_135' title='bbox 690 1900 709 1942; x_wconf 91' lang='lat' dir='ltr'>a</span> <span class='ocrx_word' id='word_1_136' title='bbox 739 1899 850 1942; x_wconf 91' lang='lat' dir='ltr'>sacrae</span> <span class='ocrx_word' id='word_1_137' title='bbox 878 1878 1101 1944; x_wconf 90' lang='lat' dir='ltr'>communionis</span> <span class='ocrx_word' id='word_1_138' title='bbox 1125 1887 1204 1962; x_wconf 78' lang='lat' dir='ltr'>&#39;per-</span> 
     </span>
     <span class='ocr_line' id='line_1_19' title="bbox 49 1963 1205 2060; baseline -0.01 -19"><span class='ocrx_word' id='word_1_139' title='bbox 49 1979 220 2060; x_wconf 82' lang='lat' dir='ltr'>ceptione,</span> <span class='ocrx_word' id='word_1_140' title='bbox 248 1980 384 2053; x_wconf 86' lang='lat' dir='ltr'>excepto</span> <span class='ocrx_word' id='word_1_141' title='bbox 405 1973 437 2032; x_wconf 95' lang='lat' dir='ltr'>in</span> <span class='ocrx_word' id='word_1_142' title='bbox 459 1987 603 2050; x_wconf 89' lang='lat' dir='ltr'>supremo</span> <span class='ocrx_word' id='word_1_143' title='bbox 624 1965 775 2047; x_wconf 89' lang='lat' dir='ltr'>temporis</span> <span class='ocrx_word' id='word_1_144' title='bbox 795 1983 904 2047; x_wconf 83' lang='lat' dir='ltr'>cursu,</span> <span class='ocrx_word' id='word_1_145' title='bbox 931 1963 1073 2029; x_wconf 88' lang='lat' dir='ltr'>omnibus</span> <span class='ocrx_word' id='word_1_146' title='bbox 1093 1967 1205 2030; x_wconf 88' lang='lat' dir='ltr'>diebus</span> 
     </span>
     <span class='ocr_line' id='line_1_20' title="bbox 49 2050 1206 2134; baseline -0.011 -8"><span class='ocrx_word' id='word_1_147' title='bbox 49 2066 139 2126; x_wconf 88' lang='lat' dir='ltr'>vitae</span> <span class='ocrx_word' id='word_1_148' title='bbox 165 2079 244 2123; x_wconf 87' lang='lat' dir='ltr'>suae</span> <span class='ocrx_word' id='word_1_149' title='bbox 271 2063 398 2120; x_wconf 89' lang='lat' dir='ltr'>maneat</span> <span class='ocrx_word' id='word_1_150' title='bbox 424 2055 564 2134; x_wconf 82' lang='lat' dir='ltr'>alienus3</span> <span class='ocrx_word' id='word_1_151' title='bbox 593 2061 689 2134; x_wconf 86' lang='lat' dir='ltr'>atque</span> <span class='ocrx_word' id='word_1_152' title='bbox 708 2052 835 2130; x_wconf 87' lang='lat' dir='ltr'>insuper</span> <span class='ocrx_word' id='word_1_153' title='bbox 855 2051 884 2112; x_wconf 91' lang='lat' dir='ltr'>si</span> <span class='ocrx_word' id='word_1_154' title='bbox 905 2050 1045 2131; x_wconf 79' lang='lat' dir='ltr'>ejusdem</span> <span class='ocrx_word' id='word_1_155' title='bbox 1065 2061 1206 2114; x_wconf 87' lang='lat' dir='ltr'>temera-</span> 
     </span>
     <span class='ocr_line' id='line_1_21' title="bbox 51 2135 1208 2224; baseline -0.01 -13"><span class='ocrx_word' id='word_1_156' title='bbox 51 2151 129 2212; x_wconf 87' lang='lat' dir='ltr'>toris</span> <span class='ocrx_word' id='word_1_157' title='bbox 151 2144 291 2208; x_wconf 86' lang='lat' dir='ltr'>extiterit</span> <span class='ocrx_word' id='word_1_158' title='bbox 310 2143 452 2224; x_wconf 88' lang='lat' dir='ltr'>propriae</span> <span class='ocrx_word' id='word_1_159' title='bbox 472 2141 518 2202; x_wconf 90' lang='lat' dir='ltr'>rei</span> <span class='ocrx_word' id='word_1_160' title='bbox 540 2139 657 2210; x_wconf 86' lang='lat' dir='ltr'>habitio</span> <span class='ocrx_word' id='word_1_161' title='bbox 671 2135 715 2219; x_wconf 69' lang='grc'>5),</span> <span class='ocrx_word' id='word_1_162' title='bbox 736 2135 884 2217; x_wconf 87' lang='lat' dir='ltr'>quidquid</span> <span class='ocrx_word' id='word_1_163' title='bbox 902 2137 942 2198; x_wconf 88' lang='lat' dir='ltr'>de</span> <span class='ocrx_word' id='word_1_164' title='bbox 963 2139 1082 2200; x_wconf 87' lang='lat' dir='ltr'>eisdem</span> <span class='ocrx_word' id='word_1_165' title='bbox 1104 2140 1208 2214; x_wconf 85' lang='lat' dir='ltr'>saeris</span> 
     </span>
     <span class='ocr_line' id='line_1_22' title="bbox 52 2223 1209 2307; baseline -0.01 -12"><span class='ocrx_word' id='word_1_166' title='bbox 52 2231 233 2296; x_wconf 91' lang='lat' dir='ltr'>ministeriis</span> <span class='ocrx_word' id='word_1_167' title='bbox 252 2229 306 2289; x_wconf 89' lang='lat' dir='ltr'>vel</span> <span class='ocrx_word' id='word_1_168' title='bbox 327 2227 514 2288; x_wconf 87' lang='lat' dir='ltr'>ornamentis</span> <span class='ocrx_word' id='word_1_169' title='bbox 536 2223 694 2287; x_wconf 87' lang='lat' dir='ltr'>ecclesiae</span> <span class='ocrx_word' id='word_1_170' title='bbox 713 2225 804 2284; x_wconf 87' lang='lat' dir='ltr'>visus</span> <span class='ocrx_word' id='word_1_171' title='bbox 825 2229 877 2283; x_wconf 86' lang='lat' dir='ltr'>est</span> <span class='ocrx_word' id='word_1_172' title='bbox 896 2223 1122 2307; x_wconf 83' lang='lat' dir='ltr'>naufragasse,</span> <span class='ocrx_word' id='word_1_173' title='bbox 1149 2229 1209 2285; x_wconf 89' lang='lat' dir='ltr'>aut&#39;</span> 
     </span>
     <span class='ocr_line' id='line_1_23' title="bbox 54 2306 1210 2400; baseline -0.008 -19"><span class='ocrx_word' id='word_1_174' title='bbox 54 2321 125 2400; x_wconf 89' lang='lat' dir='ltr'>ipse</span> <span class='ocrx_word' id='word_1_175' title='bbox 152 2323 208 2378; x_wconf 88' lang='lat' dir='ltr'>aut</span> <span class='ocrx_word' id='word_1_176' title='bbox 230 2331 305 2394; x_wconf 91' lang='lat' dir='ltr'>pars</span> <span class='ocrx_word' id='word_1_177' title='bbox 332 2311 408 2392; x_wconf 78' lang='lat' dir='ltr'>ejus·</span> <span class='ocrx_word' id='word_1_178' title='bbox 429 2310 631 2391; x_wconf 88' lang='lat' dir='ltr'>compellatur</span> <span class='ocrx_word' id='word_1_179' title='bbox 650 2307 731 2389; x_wconf 86' lang='lat' dir='ltr'>parti</span> <span class='ocrx_word' id='word_1_180' title='bbox 751 2306 891 2387; x_wconf 85' lang='lat' dir='ltr'>ejusdem</span> <span class='ocrx_word' id='word_1_181' title='bbox 913 2307 1071 2374; x_wconf 85' lang='lat' dir='ltr'>ecclesiae</span> <span class='ocrx_word' id='word_1_182' title='bbox 1092 2329 1133 2371; x_wconf 84' lang='lat' dir='ltr'>ex</span> <span class='ocrx_word' id='word_1_183' title='bbox 1152 2308 1210 2372; x_wconf 89' lang='lat' dir='ltr'>in-&#39;</span> 
     </span>
     <span class='ocr_line' id='line_1_24' title="bbox 53 2399 643 2538; baseline -0.02 -72"><span class='ocrx_word' id='word_1_184' title='bbox 53 2414 147 2488; x_wconf 86' lang='lat' dir='ltr'>tegre</span> <span class='ocrx_word' id='word_1_185' title='bbox 167 2399 341 2492; x_wconf 70' lang='lat' dir='ltr'>reformare.</span> <span class='ocrx_word' id='word_1_186' title='bbox 454 2459 456 2464; x_wconf 72' lang='grc'><em>,</em></span> <span class='ocrx_word' id='word_1_187' title='bbox 610 2474 643 2538; x_wconf 73' lang='lat' dir='ltr'>V</span> 
     </span>
    </p>
   </div>
   <div class='ocr_carea' id='block_1_4' title="bbox 59 2563 1215 4270">
    <p class='ocr_par' dir='ltr' id='par_1_4' title="bbox 59 2563 1215 4270">
     <span class='ocr_line' id='line_1_25' title="bbox 141 2563 1205 2644; baseline -0.004 -12"><span class='ocrx_word' id='word_1_188' title='bbox 141 2567 223 2632; x_wconf 85' lang='lat' dir='ltr'>Dum</span> <span class='ocrx_word' id='word_1_189' title='bbox 251 2573 383 2629; x_wconf 84' lang='lat' dir='ltr'>sanctus</span> <span class='ocrx_word' id='word_1_190' title='bbox 411 2563 539 2644; x_wconf 90' lang='lat' dir='ltr'>spiritus</span> <span class='ocrx_word' id='word_1_191' title='bbox 566 2580 623 2642; x_wconf 90' lang='lat' dir='ltr'>per</span> <span class='ocrx_word' id='word_1_192' title='bbox 649 2577 686 2622; x_wconf 92' lang='lat' dir='ltr'>os</span> <span class='ocrx_word' id='word_1_193' title='bbox 710 2571 891 2624; x_wconf 90' lang='lat' dir='ltr'>sanctorum</span> <span class='ocrx_word' id='word_1_194' title='bbox 918 2575 1043 2625; x_wconf 88' lang='lat' dir='ltr'>suorum</span> <span class='ocrx_word' id='word_1_195' title='bbox 1071 2564 1205 2628; x_wconf 90' lang='lat' dir='ltr'>humano</span> 
     </span>
     <span class='ocr_line' id='line_1_26' title="bbox 60 2645 1206 2740; baseline -0.003 -23"><span class='ocrx_word' id='word_1_196' title='bbox 60 2656 166 2740; x_wconf 83' lang='lat' dir='ltr'>generi</span> <span class='ocrx_word' id='word_1_197' title='bbox 186 2654 298 2717; x_wconf 86' lang='lat' dir='ltr'>statuit</span> <span class='ocrx_word' id='word_1_198' title='bbox 318 2649 460 2712; x_wconf 85' lang='lat' dir='ltr'>omnibns</span> <span class='ocrx_word' id='word_1_199' title='bbox 486 2646 587 2708; x_wconf 90' lang='lat' dir='ltr'>modis</span> <span class='ocrx_word' id='word_1_200' title='bbox 612 2645 809 2708; x_wconf 86' lang='lat' dir='ltr'>mendacium</span> <span class='ocrx_word' id='word_1_201' title='bbox 836 2656 1050 2731; x_wconf 81' lang='lat' dir='ltr'>praecavere,</span> <span class='ocrx_word' id='word_1_202' title='bbox 1079 2650 1206 2714; x_wconf 86' lang='lat' dir='ltr'>dicente</span> 
     </span>
     <span class='ocr_line' id='line_1_27' title="bbox 59 2733 1206 2815; baseline -0.004 -10"><span class='ocrx_word' id='word_1_203' title='bbox 59 2743 248 2805; x_wconf 78' lang='lat' dir='ltr'>Salomone:</span> <span class='ocrx_word' id='word_1_204' title='bbox 274 2735 357 2803; x_wconf 61' lang='lat' dir='ltr'>‘Nola&#39;</span> <span class='ocrx_word' id='word_1_205' title='bbox 384 2752 518 2797; x_wconf 83' lang='lat' dir='ltr'>narrare</span> <span class='ocrx_word' id='word_1_206' title='bbox 543 2733 743 2794; x_wconf 77' lang='lat' dir='ltr'>mendacium</span> <span class='ocrx_word' id='word_1_207' title='bbox 769 2733 919 2795; x_wconf 79' lang='lat' dir='ltr'>adversus</span> <span class='ocrx_word' id='word_1_208' title='bbox 939 2735 1079 2814; x_wconf 76' lang='lat' dir='ltr'>fratrea</span> <span class='ocrx_word' id='word_1_209' title='bbox 1106 2745 1206 2815; x_wconf 83' lang='lat' dir='ltr'>taum,</span> 
     </span>
     <span class='ocr_line' id='line_1_28' title="bbox 59 2813 1208 2910; baseline -0.004 -20"><span class='ocrx_word' id='word_1_210' title='bbox 59 2847 157 2910; x_wconf 81' lang='lat' dir='ltr'>neque</span> <span class='ocrx_word' id='word_1_211' title='bbox 177 2827 279 2888; x_wconf 82' lang='lat' dir='ltr'>amico</span> <span class='ocrx_word' id='word_1_212' title='bbox 300 2820 450 2884; x_wconf 76' lang='lat' dir='ltr'>similiter</span> <span class='ocrx_word' id='word_1_213' title='bbox 464 2819 577 2899; x_wconf 78' lang='lat' dir='ltr'>sacius</span> <span class='ocrx_word' id='word_1_214' title='bbox 592 2818 647 2899; x_wconf 65' lang='grc'>6);</span> <span class='ocrx_word' id='word_1_215' title='bbox 669 2819 853 2880; x_wconf 82' lang='lat' dir='ltr'>etiterum:</span> <span class='ocrx_word' id='word_1_216' title='bbox 886 2817 930 2880; x_wconf 80' lang='lat' dir='ltr'>Os</span> <span class='ocrx_word' id='word_1_217' title='bbox 949 2821 1033 2902; x_wconf 78' lang='lat' dir='ltr'>qaod</span> <span class='ocrx_word' id='word_1_218' title='bbox 1053 2813 1208 2885; x_wconf 62' lang='lat' dir='ltr'>mentitae</span> 
     </span>
     <span class='ocr_line' id='line_1_29' title="bbox 62 2903 1208 2986; baseline -0.003 -12"><span class='ocrx_word' id='word_1_219' title='bbox 62 2912 177 2974; x_wconf 75' lang='lat' dir='ltr'>occidit</span> <span class='ocrx_word' id='word_1_220' title='bbox 213 2911 354 2972; x_wconf 81' lang='lat' dir='ltr'>animem</span> <span class='ocrx_word' id='word_1_221' title='bbox 367 2905 421 2986; x_wconf 75' lang='lat'>⁷)3</span> <span class='ocrx_word' id='word_1_222' title='bbox 455 2905 595 2986; x_wconf 89' lang='lat' dir='ltr'>plerique</span> <span class='ocrx_word' id='word_1_223' title='bbox 629 2903 855 2984; x_wconf 85' lang='lat' dir='ltr'>sacerdotum,</span> <span class='ocrx_word' id='word_1_224' title='bbox 887 2905 939 2984; x_wconf 91' lang='lat' dir='ltr'>qui</span> <span class='ocrx_word' id='word_1_225' title='bbox 973 2907 1208 2984; x_wconf 87' lang='lat' dir='ltr'>praedicatores</span> 
     </span>
     <span class='ocr_line' id='line_1_30' title="bbox 61 2990 1208 3074; baseline -0.003 -17"><span class='ocrx_word' id='word_1_226' title='bbox 61 2995 202 3057; x_wconf 77' lang='lat' dir='ltr'>veniatis</span> <span class='ocrx_word' id='word_1_227' title='bbox 220 2995 359 3054; x_wconf 85' lang='lat' dir='ltr'>existere</span> <span class='ocrx_word' id='word_1_228' title='bbox 381 2990 563 3069; x_wconf 85' lang='lat' dir='ltr'>debuerunt,</span> <span class='ocrx_word' id='word_1_229' title='bbox 585 2997 619 3050; x_wconf 90' lang='lat' dir='ltr'>et</span> <span class='ocrx_word' id='word_1_230' title='bbox 640 3007 682 3048; x_wconf 88' lang='lat' dir='ltr'>ex</span> <span class='ocrx_word' id='word_1_231' title='bbox 703 3005 831 3068; x_wconf 87' lang='lat' dir='ltr'>quorum</span> <span class='ocrx_word' id='word_1_232' title='bbox 852 3009 906 3051; x_wconf 89' lang='lat' dir='ltr'>ore</span> <span class='ocrx_word' id='word_1_233' title='bbox 927 2991 1115 3055; x_wconf 85' lang='lat' dir='ltr'>universitas</span> <span class='ocrx_word' id='word_1_234' title='bbox 1135 2995 1208 3074; x_wconf 90' lang='lat' dir='ltr'>ple-</span> 
     </span>
     <span class='ocr_line' id='line_1_31' title="bbox 62 3073 1209 3162; baseline -0.003 -19"><span class='ocrx_word' id='word_1_235' title='bbox 62 3081 144 3143; x_wconf 84' lang='lat' dir='ltr'>bium</span> <span class='ocrx_word' id='word_1_236' title='bbox 162 3079 267 3162; x_wconf 89' lang='lat' dir='ltr'>legem</span> <span class='ocrx_word' id='word_1_237' title='bbox 281 3076 426 3137; x_wconf 85' lang='lat' dir='ltr'>veritatis</span> <span class='ocrx_word' id='word_1_238' title='bbox 447 3073 542 3135; x_wconf 89' lang='lat' dir='ltr'>debet</span> <span class='ocrx_word' id='word_1_239' title='bbox 563 3073 735 3156; x_wconf 88' lang='lat' dir='ltr'>exquirere,</span> <span class='ocrx_word' id='word_1_240' title='bbox 758 3076 929 3138; x_wconf 90' lang='lat' dir='ltr'>seeundum</span> <span class='ocrx_word' id='word_1_241' title='bbox 950 3075 1209 3156; x_wconf 81' lang='lat' dir='ltr'>Salomonem⁸)·</span> 
     </span>
     <span class='ocr_line' id='line_1_32' title="bbox 63 3158 1207 3247; baseline -0.002 -21"><span class='ocrx_word' id='word_1_242' title='bbox 63 3166 117 3247; x_wconf 85' lang='lat' dir='ltr'>qui</span> <span class='ocrx_word' id='word_1_243' title='bbox 134 3163 227 3226; x_wconf 87' lang='lat' dir='ltr'>dicit:</span> <span class='ocrx_word' id='word_1_244' title='bbox 258 3161 364 3224; x_wconf 78' lang='lat' dir='ltr'>Labie</span> <span class='ocrx_word' id='word_1_245' title='bbox 383 3159 559 3222; x_wconf 73' lang='lat' dir='ltr'>accedetis</span> <span class='ocrx_word' id='word_1_246' title='bbox 581 3158 764 3221; x_wconf 74' lang='lat' dir='ltr'>confodiunt</span> <span class='ocrx_word' id='word_1_247' title='bbox 784 3163 954 3224; x_wconf 76' lang='lat' dir='ltr'>scientiam</span> <span class='ocrx_word' id='word_1_248' title='bbox 975 3168 1009 3224; x_wconf 84' lang='lat' dir='ltr'>et</span> <span class='ocrx_word' id='word_1_249' title='bbox 1030 3161 1131 3246; x_wconf 79' lang='lat' dir='ltr'>legem</span> <span class='ocrx_word' id='word_1_250' title='bbox 1152 3183 1207 3226; x_wconf 75' lang='lat' dir='ltr'>aa·</span> 
     </span>
     <span class='ocr_line' id='line_1_33' title="bbox 65 3243 1209 3334; baseline -0.002 -21"><span class='ocrx_word' id='word_1_251' title='bbox 65 3251 189 3334; x_wconf 66' lang='lat' dir='ltr'>panant</span> <span class='ocrx_word' id='word_1_252' title='bbox 209 3249 249 3310; x_wconf 82' lang='lat' dir='ltr'>do</span> <span class='ocrx_word' id='word_1_253' title='bbox 270 3267 324 3310; x_wconf 87' lang='lat' dir='ltr'>ore</span> <span class='ocrx_word' id='word_1_254' title='bbox 344 3247 427 3328; x_wconf 66' lang='lat' dir='ltr'>ejice,</span> <span class='ocrx_word' id='word_1_255' title='bbox 450 3245 526 3328; x_wconf 75' lang='lat' dir='ltr'>quia</span> <span class='ocrx_word' id='word_1_256' title='bbox 547 3243 679 3327; x_wconf 83' lang='lat' dir='ltr'>angelus</span> <span class='ocrx_word' id='word_1_257' title='bbox 700 3245 822 3307; x_wconf 78' lang='lat' dir='ltr'>domini</span> <span class='ocrx_word' id='word_1_258' title='bbox 843 3251 901 3322; x_wconf 81' lang='lat' dir='ltr'>est,</span> <span class='ocrx_word' id='word_1_259' title='bbox 922 3247 967 3308; x_wconf 87' lang='lat' dir='ltr'>ita</span> <span class='ocrx_word' id='word_1_260' title='bbox 986 3250 1209 3329; x_wconf 85' lang='lat' dir='ltr'>praepediente</span> 
     </span>
     <span class='ocr_line' id='line_1_34' title="bbox 65 3329 1209 3415; baseline -0.003 -17"><span class='ocrx_word' id='word_1_261' title='bbox 65 3337 174 3398; x_wconf 89' lang='lat' dir='ltr'>delicto</span> <span class='ocrx_word' id='word_1_262' title='bbox 207 3342 303 3415; x_wconf 85' lang='lat' dir='ltr'>atquo</span> <span class='ocrx_word' id='word_1_263' title='bbox 337 3332 472 3393; x_wconf 86' lang='lat' dir='ltr'>sanciati</span> <span class='ocrx_word' id='word_1_264' title='bbox 502 3330 685 3392; x_wconf 85' lang='lat' dir='ltr'>inimicitiae</span> <span class='ocrx_word' id='word_1_265' title='bbox 710 3329 781 3392; x_wconf 94' lang='lat' dir='ltr'>dolo</span> <span class='ocrx_word' id='word_1_266' title='bbox 804 3349 873 3392; x_wconf 89' lang='lat' dir='ltr'>non·</span> <span class='ocrx_word' id='word_1_267' title='bbox 902 3331 1003 3392; x_wconf 91' lang='lat' dir='ltr'>solum</span> <span class='ocrx_word' id='word_1_268' title='bbox 1033 3334 1209 3396; x_wconf 88' lang='lat' dir='ltr'>hominibus</span> 
     </span>
     <span class='ocr_line' id='line_1_35' title="bbox 65 3415 1209 3500; baseline -0.002 -16"><span class='ocrx_word' id='word_1_269' title='bbox 65 3418 209 3484; x_wconf 87' lang='lat' dir='ltr'>fallaciter</span> <span class='ocrx_word' id='word_1_270' title='bbox 228 3419 313 3500; x_wconf 91' lang='lat' dir='ltr'>loqui</span> <span class='ocrx_word' id='word_1_271' title='bbox 332 3417 459 3478; x_wconf 87' lang='lat' dir='ltr'>minime</span> <span class='ocrx_word' id='word_1_272' title='bbox 478 3415 717 3496; x_wconf 85' lang='lat' dir='ltr'>pertimescunt,</span> <span class='ocrx_word' id='word_1_273' title='bbox 745 3415 804 3478; x_wconf 92' lang='lat' dir='ltr'>sed</span> <span class='ocrx_word' id='word_1_274' title='bbox 819 3415 853 3494; x_wconf 69' lang='grc' dir='ltr'>ο)</span> <span class='ocrx_word' id='word_1_275' title='bbox 874 3417 906 3477; x_wconf 92' lang='lat' dir='ltr'>in</span> <span class='ocrx_word' id='word_1_276' title='bbox 928 3417 1048 3480; x_wconf 87' lang='lat' dir='ltr'>sanctis</span> <span class='ocrx_word' id='word_1_277' title='bbox 1069 3419 1209 3482; x_wconf 89' lang='lat' dir='ltr'>basilicis</span> 
     </span>
     <span class='ocr_line' id='line_1_36' title="bbox 65 3500 1211 3587; baseline 0 -20"><span class='ocrx_word' id='word_1_278' title='bbox 65 3525 154 3587; x_wconf 91' lang='lat' dir='ltr'>supra</span> <span class='ocrx_word' id='word_1_279' title='bbox 186 3505 284 3566; x_wconf 83' lang='lat' dir='ltr'>altare</span> <span class='ocrx_word' id='word_1_280' title='bbox 314 3502 437 3563; x_wconf 88' lang='lat' dir='ltr'>domini</span> <span class='ocrx_word' id='word_1_281' title='bbox 470 3519 574 3563; x_wconf 89' lang='lat' dir='ltr'>coram</span> <span class='ocrx_word' id='word_1_282' title='bbox 609 3500 669 3563; x_wconf 87' lang='lat' dir='ltr'>deo</span> <span class='ocrx_word' id='word_1_283' title='bbox 694 3500 777 3562; x_wconf 87' lang='lat' dir='ltr'>idem</span> <span class='ocrx_word' id='word_1_284' title='bbox 805 3521 1001 3584; x_wconf 87' lang='lat' dir='ltr'>nequaquam</span> <span class='ocrx_word' id='word_1_285' title='bbox 1028 3513 1211 3585; x_wconf 85' lang='lat' dir='ltr'>perpetrare</span> 
     </span>
     <span class='ocr_line' id='line_1_37' title="bbox 66 3586 1210 3674; baseline 0 -22"><span class='ocrx_word' id='word_1_286' title='bbox 66 3591 251 3652; x_wconf 86' lang='lat' dir='ltr'>horrescunt.</span> <span class='ocrx_word' id='word_1_287' title='bbox 292 3587 376 3650; x_wconf 92' lang='lat' dir='ltr'>Nam</span> <span class='ocrx_word' id='word_1_288' title='bbox 394 3587 524 3649; x_wconf 88' lang='lat' dir='ltr'>missam</span> <span class='ocrx_word' id='word_1_289' title='bbox 543 3605 599 3667; x_wconf 91' lang='lat' dir='ltr'>pro</span> <span class='ocrx_word' id='word_1_290' title='bbox 620 3586 728 3667; x_wconf 88' lang='lat' dir='ltr'>requie</span> <span class='ocrx_word' id='word_1_291' title='bbox 748 3587 961 3651; x_wconf 80' lang='lat' dir='ltr'>deltmctorum</span> <span class='ocrx_word' id='word_1_292' title='bbox 982 3592 1210 3674; x_wconf 87' lang='lat' dir='ltr'>promulgatam</span> 
     </span>
     <span class='ocr_line' id='line_1_38' title="bbox 68 3665 1209 3755; baseline -0.001 -17"><span class='ocrx_word' id='word_1_293' title='bbox 68 3675 163 3738; x_wconf 86' lang='lat' dir='ltr'>fallaci</span> <span class='ocrx_word' id='word_1_294' title='bbox 187 3683 265 3736; x_wconf 83' lang='lat' dir='ltr'>voto</span> <span class='ocrx_word' id='word_1_295' title='bbox 299 3681 356 3755; x_wconf 86' lang='lat' dir='ltr'>pro</span> <span class='ocrx_word' id='word_1_296' title='bbox 384 3672 468 3734; x_wconf 87' lang='lat' dir='ltr'>vivis</span> <span class='ocrx_word' id='word_1_297' title='bbox 502 3670 632 3734; x_wconf 87' lang='lat' dir='ltr'>student</span> <span class='ocrx_word' id='word_1_298' title='bbox 665 3665 824 3735; x_wconf 83' lang='lat' dir='ltr'>celebrare</span> <span class='ocrx_word' id='word_1_299' title='bbox 848 3673 1045 3755; x_wconf 85' lang='lat' dir='ltr'>hominibus,</span> <span class='ocrx_word' id='word_1_300' title='bbox 1077 3689 1139 3737; x_wconf 91' lang='lat' dir='ltr'>non</span> <span class='ocrx_word' id='word_1_301' title='bbox 1168 3678 1209 3738; x_wconf 76' lang='lat' dir='ltr'>oli</span> 
     </span>
     <span class='ocr_line' id='line_1_39' title="bbox 69 3755 1212 3840; baseline 0 -16"><span class='ocrx_word' id='word_1_302' title='bbox 69 3759 145 3824; x_wconf 80' lang='lat' dir='ltr'>alind</span> <span class='ocrx_word' id='word_1_303' title='bbox 166 3757 227 3821; x_wconf 89' lang='lat' dir='ltr'>nisi</span> <span class='ocrx_word' id='word_1_304' title='bbox 246 3767 281 3822; x_wconf 89' lang='lat' dir='ltr'>ut</span> <span class='ocrx_word' id='word_1_305' title='bbox 302 3760 347 3840; x_wconf 84' lang='lat' dir='ltr'>is,</span> <span class='ocrx_word' id='word_1_306' title='bbox 376 3777 432 3840; x_wconf 91' lang='lat' dir='ltr'>pro</span> <span class='ocrx_word' id='word_1_307' title='bbox 454 3773 517 3837; x_wconf 90' lang='lat' dir='ltr'>quo</span> <span class='ocrx_word' id='word_1_308' title='bbox 538 3755 571 3818; x_wconf 94' lang='lat' dir='ltr'>id</span> <span class='ocrx_word' id='word_1_309' title='bbox 594 3756 697 3836; x_wconf 89' lang='lat' dir='ltr'>ipsum</span> <span class='ocrx_word' id='word_1_310' title='bbox 725 3757 854 3830; x_wconf 82' lang='lat' dir='ltr'>offertur</span> <span class='ocrx_word' id='word_1_311' title='bbox 880 3759 1081 3840; x_wconf 48' lang='lat' dir='ltr'>sacrificium&gt;</span> <span class='ocrx_word' id='word_1_312' title='bbox 1110 3761 1212 3840; x_wconf 82' lang='lat' dir='ltr'>ipsius</span> 
     </span>
     <span class='ocr_line' id='line_1_40' title="bbox 67 3843 1212 3922; baseline 0 -13"><span class='ocrx_word' id='word_1_313' title='bbox 67 3844 255 3909; x_wconf 86' lang='lat' dir='ltr'>sacrosancti</span> <span class='ocrx_word' id='word_1_314' title='bbox 278 3843 432 3906; x_wconf 86' lang='lat' dir='ltr'>libaminis</span> <span class='ocrx_word' id='word_1_315' title='bbox 460 3843 639 3904; x_wconf 86' lang='lat' dir='ltr'>interventu</span> <span class='ocrx_word' id='word_1_316' title='bbox 666 3843 774 3904; x_wconf 84' lang='lat' dir='ltr'>mortis</span> <span class='ocrx_word' id='word_1_317' title='bbox 803 3859 843 3903; x_wconf 88' lang='lat' dir='ltr'>ae</span> <span class='ocrx_word' id='word_1_318' title='bbox 868 3844 1050 3922; x_wconf 87' lang='lat' dir='ltr'>perditionis</span> <span class='ocrx_word' id='word_1_319' title='bbox 1075 3843 1212 3910; x_wconf 80' lang='lat' dir='ltr'>incurrat</span> 
     </span>
     <span class='ocr_line' id='line_1_41' title="bbox 68 3926 1212 4012; baseline 0.002 -20"><span class='ocrx_word' id='word_1_320' title='bbox 68 3932 245 4012; x_wconf 77' lang='lat' dir='ltr'>periculum,</span> <span class='ocrx_word' id='word_1_321' title='bbox 259 3939 306 3992; x_wconf 80' lang='lat' dir='ltr'>et</span> <span class='ocrx_word' id='word_1_322' title='bbox 326 3929 409 4010; x_wconf 90' lang='lat' dir='ltr'>quod</span> <span class='ocrx_word' id='word_1_323' title='bbox 430 3927 554 3990; x_wconf 86' lang='lat' dir='ltr'>cunctis</span> <span class='ocrx_word' id='word_1_324' title='bbox 576 3927 682 3988; x_wconf 89' lang='lat' dir='ltr'>datum</span> <span class='ocrx_word' id='word_1_325' title='bbox 703 3935 759 3998; x_wconf 84' lang='lat' dir='ltr'>est</span> <span class='ocrx_word' id='word_1_326' title='bbox 775 3926 806 3987; x_wconf 86' lang='lat' dir='ltr'>in</span> <span class='ocrx_word' id='word_1_327' title='bbox 828 3928 940 3990; x_wconf 90' lang='lat' dir='ltr'>salutis</span> <span class='ocrx_word' id='word_1_328' title='bbox 960 3930 1145 4012; x_wconf 86' lang='lat' dir='ltr'>remedium,</span> <span class='ocrx_word' id='word_1_329' title='bbox 1166 3931 1212 3994; x_wconf 81' lang='lat' dir='ltr'>in</span> 
     </span>
     <span class='ocr_line' id='line_1_42' title="bbox 69 4011 1214 4095; baseline 0.003 -18"><span class='ocrx_word' id='word_1_330' title='bbox 69 4017 125 4078; x_wconf 87' lang='lat' dir='ltr'>lioo</span> <span class='ocrx_word' id='word_1_331' title='bbox 155 4031 302 4095; x_wconf 86' lang='lat' dir='ltr'>perverso</span> <span class='ocrx_word' id='word_1_332' title='bbox 327 4016 480 4078; x_wconf 90' lang='lat' dir='ltr'>instinctu</span> <span class='ocrx_word' id='word_1_333' title='bbox 509 4011 704 4094; x_wconf 88' lang='lat' dir='ltr'>quibusdam</span> <span class='ocrx_word' id='word_1_334' title='bbox 719 4031 795 4075; x_wconf 89' lang='lat' dir='ltr'>esse</span> <span class='ocrx_word' id='word_1_335' title='bbox 818 4022 971 4094; x_wconf 85' lang='lat' dir='ltr'>expetunt</span> <span class='ocrx_word' id='word_1_336' title='bbox 991 4017 1023 4078; x_wconf 93' lang='lat' dir='ltr'>in</span> <span class='ocrx_word' id='word_1_337' title='bbox 1043 4015 1214 4080; x_wconf 85' lang='lat' dir='ltr'>interitum.¹</span> 
     </span>
     <span class='ocr_line' id='line_1_43' title="bbox 70 4097 1211 4184; baseline 0.003 -21"><span class='ocrx_word' id='word_1_338' title='bbox 70 4097 181 4163; x_wconf 79' lang='lat' dir='ltr'>Obinde</span> <span class='ocrx_word' id='word_1_339' title='bbox 207 4109 333 4163; x_wconf 88' lang='lat' dir='ltr'>nostrae</span> <span class='ocrx_word' id='word_1_340' title='bbox 362 4100 462 4184; x_wconf 86' lang='lat' dir='ltr'>elegit</span> <span class='ocrx_word' id='word_1_341' title='bbox 490 4098 704 4160; x_wconf 90' lang='lat' dir='ltr'>unanimitatis</span> <span class='ocrx_word' id='word_1_342' title='bbox 732 4106 911 4162; x_wconf 80' lang='lat' dir='ltr'>conventus</span> <span class='ocrx_word' id='word_1_343' title='bbox 918 4146 928 4181; x_wconf 89' lang='lat'><em>‚</em></span> <span class='ocrx_word' id='word_1_344' title='bbox 957 4101 1042 4164; x_wconf 82' lang='lat' dir='ltr'>utsi</span> <span class='ocrx_word' id='word_1_345' title='bbox 1062 4104 1132 4184; x_wconf 89' lang='lat' dir='ltr'>quis</span> <span class='ocrx_word' id='word_1_346' title='bbox 1153 4121 1211 4166; x_wconf 83' lang='lat' dir='ltr'>sa·</span> 
     </span>
     <span class='ocr_line' id='line_1_44' title="bbox 70 4178 1215 4270; baseline 0.001 -20"><span class='ocrx_word' id='word_1_347' title='bbox 70 4183 233 4250; x_wconf 83' lang='lat' dir='ltr'>cerdotum·</span> <span class='ocrx_word' id='word_1_348' title='bbox 252 4184 405 4268; x_wconf 89' lang='lat' dir='ltr'>deinceps</span> <span class='ocrx_word' id='word_1_349' title='bbox 438 4183 513 4246; x_wconf 83' lang='lat' dir='ltr'>talia</span> <span class='ocrx_word' id='word_1_350' title='bbox 540 4178 742 4264; x_wconf 69' lang='lat' dir='ltr'>perpetrasse</span> <span class='ocrx_word' id='word_1_351' title='bbox 769 4183 862 4246; x_wconf 80' lang='lat' dir='ltr'>faerit</span> <span class='ocrx_word' id='word_1_352' title='bbox 889 4185 1059 4268; x_wconf 81' lang='lat' dir='ltr'>detectus,</span> <span class='ocrx_word' id='word_1_353' title='bbox 1089 4189 1215 4270; x_wconf 68' lang='lat' dir='ltr'>apio-i</span> 
     </span>
    </p>
   </div>
   <div class='ocr_carea' id='block_1_5' title="bbox 81 4367 1213 4776">
    <p class='ocr_par' dir='ltr' id='par_1_5' title="bbox 81 4367 1213 4776">
     <span class='ocr_line' id='line_1_45' title="bbox 105 4367 1211 4501; baseline -0.001 -27"><span class='ocrx_word' id='word_1_354' title='bbox 105 4387 293 4501; x_wconf 38' lang='lat' dir='ltr'>1)qoie&#39;·sdd⁴lt</span> <span class='ocrx_word' id='word_1_355' title='bbox 309 4421 347 4472; x_wconf 82' lang='grc' dir='ltr'>Μ.</span> <span class='ocrx_word' id='word_1_356' title='bbox 387 4421 434 4461; x_wconf 79' lang='grc'>-·’</span> <span class='ocrx_word' id='word_1_357' title='bbox 457 4384 496 4484; x_wconf 35' lang='grc'>’4)</span> <span class='ocrx_word' id='word_1_358' title='bbox 515 4416 597 4470; x_wconf 79' lang='lat' dir='ltr'>Cano.</span> <span class='ocrx_word' id='word_1_359' title='bbox 615 4373 769 4470; x_wconf 60' lang='lat' dir='ltr'>momen.</span> <span class='ocrx_word' id='word_1_360' title='bbox 786 4420 837 4471; x_wconf 73' lang='lat'>111..</span> <span class='ocrx_word' id='word_1_361' title='bbox 849 4435 871 4474; x_wconf 92' lang='lat' dir='ltr'>c.</span> <span class='ocrx_word' id='word_1_362' title='bbox 885 4422 906 4472; x_wconf 64' lang='grc' dir='ltr'>Ἄ</span> <span class='ocrx_word' id='word_1_363' title='bbox 921 4419 987 4472; x_wconf 64' lang='lat' dir='ltr'>Cen.</span> <span class='ocrx_word' id='word_1_364' title='bbox 1003 4367 1158 4488; x_wconf 41' lang='lat' dir='ltr'>apostolici</span> <span class='ocrx_word' id='word_1_365' title='bbox 1174 4429 1211 4463; x_wconf 78' lang='lat'>¹-</span> 
     </span>
     <span class='ocr_line' id='line_1_46' title="bbox 81 4486 1146 4560; baseline -0.012 -15"><span class='ocrx_word' id='word_1_366' title='bbox 81 4491 267 4560; x_wconf 68' lang='lat' dir='ltr'>&#39;iltfotutam</span> <span class='ocrx_word' id='word_1_367' title='bbox 284 4491 322 4542; x_wconf 90' lang='grc' dir='ltr'>Μ.</span> <span class='ocrx_word' id='word_1_368' title='bbox 368 4509 405 4530; x_wconf 62' lang='grc' dir='ltr'>-ν</span> <span class='ocrx_word' id='word_1_369' title='bbox 441 4486 736 4555; x_wconf 72' lang='lat' dir='ltr'>·⁴)etdoestap.lll.</span> <span class='ocrx_word' id='word_1_370' title='bbox 779 4507 815 4528; x_wconf 57' lang='lat'>⁴-</span> <span class='ocrx_word' id='word_1_371' title='bbox 869 4489 1085 4557; x_wconf 74' lang='lat' dir='ltr'>³)rmrtittaM,.</span> <span class='ocrx_word' id='word_1_372' title='bbox 1110 4495 1146 4532; x_wconf 72' lang='grc'>’.-</span> 
     </span>
     <span class='ocr_line' id='line_1_47' title="bbox 104 4557 1213 4694; baseline -0.028 -11"><span class='ocrx_word' id='word_1_373' title='bbox 104 4561 333 4629; x_wconf 62' lang='lat'><em>³</em></span> <span class='ocrx_word' id='word_1_374' title='bbox 364 4583 420 4666; x_wconf 69' lang='lat' dir='ltr'>:f</span> <span class='ocrx_word' id='word_1_375' title='bbox 449 4557 652 4694; x_wconf 76' lang='lat' dir='ltr'>·‚aan</span> <span class='ocrx_word' id='word_1_376' title='bbox 909 4560 938 4626; x_wconf 87' lang='lat'>·›</span> <span class='ocrx_word' id='word_1_377' title='bbox 1088 4563 1213 4652; x_wconf 57' lang='lat' dir='ltr'>ma.-</span> 
     </span>
     <span class='ocr_line' id='line_1_48' title="bbox 107 4699 1015 4776; baseline -0.017 14"><span class='ocrx_word' id='word_1_378' title='bbox 107 4699 112 4726; x_wconf 76' lang='lat'><strong>¹</strong></span> <span class='ocrx_word' id='word_1_379' title='bbox 940 4713 1015 4776; x_wconf 67' lang='lat' dir='ltr'>aaa</span> 
     </span>
    </p>
   </div>
   <div class='ocr_carea' id='block_1_6' title="bbox 0 0 1469 5050">
    <p class='ocr_par' dir='ltr' id='par_1_6' title="bbox 0 0 1469 5050">
     <span class='ocr_line' id='line_1_49' title="bbox 0 0 1469 5050; baseline 0 0"><span class='ocrx_word' id='word_1_380' title='bbox 0 0 1469 5050; x_wconf 95' lang='lat' dir='ltr'> </span> 
     </span>
    </p>
   </div>
  </div>
 </body>
</html>
