2912 5060
369 287 612 357 CONClLlUM
631 287 903 358 saturarum
924 295 978 356 lX.
1189 291 1254 358 293

184 547 379 613 Sacerdotes
399 549 451 610 vel
472 549 662 630 quicumque
674 547 707 628 Ι)
735 549 777 610 illi
799 559 887 632 sunt,
916 551 1028 632 quibus
1050 551 1250 613 ecclesiasti-

13 629 14 712 s
99 654 206 698 carum
227 655 329 697 rerum
350 653 425 697 cura
445 635 613 696 commissa
635 644 701 716 est,
728 652 945 715 quaecumque
974 635 1249 700 administrationis

13 779 14 796 ,
99 740 178 784 suae
206 729 347 800 tempore
374 720 524 800 emerint,
555 721 582 782 si
608 717 649 782 de
676 720 770 782 rebus
797 721 927 800 propriis
951 722 1004 782 vel
1030 722 1093 783 vile
1114 723 1167 782 vel
1188 741 1248 802 pa-

12 802 13 812 ’
97 805 208 884 rum2)
229 805 410 886 habuerint,
432 804 473 868 ad
495 805 652 868 ecclesiae
669 825 799 888 nornen,
820 807 871 868 cui
892 814 1050 886 praesunt,
1071 807 1248 871 chartarum

97 892 253 956 conficere
275 893 481 954 instrumenta
500 898 686 973 procurent3
713 911 774 952 non
796 891 877 952 enim
898 893 1059 971 convenit,
1082 901 1118 954 ut
1138 896 1247 956 ecele-

96 978 146 1040 sia
172 977 299 1058 quaei)
326 977 470 1055 suscepit
496 984 657 1038 externum
684 975 801 1038 efficiat
829 976 860 1038 in
887 977 988 1038 alieno
1010 977 1139 1039 divitem
1159 986 1193 1040 et
1213 979 1245 1044 ia

97 1081 157 1126 suo
177 1063 312 1124 retineat
331 1061 547 1124 fraudatorem.
588 1062 631 1124 Hi
651 1080 747 1142 vero,
767 1061 820 1142 qui
840 1080 966 1124 suarum
986 1082 1085 1124 rerum
1105 1081 1246 1126 noscun-

97 1157 148 1212 tur
168 1147 285 1210 habere
307 1146 539 1226 compendium,
569 1165 612 1210 ex
639 1148 722 1208 omni
744 1167 795 1227 re,
824 1165 916 1227 quarn
944 1157 1018 1228 post
1044 1147 1245 1212 ordinationis

97 1253 176 1298 suae
206 1232 288 1294 diem
308 1233 369 1293 visi
396 1241 471 1294 sunt
497 1233 711 1312 conquisisse,
743 1233 814 1294 sive
840 1233 925 1296 nulla
951 1233 1022 1294 sive
1048 1234 1151 1314 aliqua
1177 1235 1243 1296 sint

95 1321 301 1386 instmmeuta
331 1317 493 1398 confecta,
520 1326 725 1397 compensata
741 1317 775 1394 4)
804 1327 867 1380 tam
890 1316 968 1396 juris
995 1319 1046 1380 sui
1072 1338 1164 1399 quarn
1186 1339 1244 1382 ec-

95 1405 344 1468 clesiasticarum
364 1421 466 1466 rerum
485 1403 714 1484 ambitione⁵),
734 1403 762 1464 si
783 1422 820 1463 se
841 1404 1002 1484 utriusque
1022 1404 1067 1465 rei
1085 1407 1245 1484 quantitas

94 1489 344 1571 exaequaverit,
379 1489 459 1550 inter
491 1488 660 1552 eeclesiam
692 1497 725 1559 et
750 1487 934 1550 decedentis
959 1487 1113 1552 haeredes
1140 1509 1242 1570 aequo

92 1574 163 1656 jure
185 1573 371 1654 conquisitio
391 1573 577 1655 pertinebit:
611 1575 639 1634 si
659 1582 764 1634 autem
785 1574 942 1654 quaelibet
961 1593 1035 1654 pars
1055 1573 1163 1656 majori
1182 1595 1243 1638 ou·

95 1661 179 1723 mulo
201 1657 345 1738 suijuris
365 1658 557 1738 excreverit,
584 1657 732 1739 majorem
745 1656 778 1736 θ)
801 1660 895 1720 etiam
913 1661 1084 1738 portionem
1106 1662 1137 1720 in
1158 1660 1242 1722 divi·-

95 1746 186 1808 sione
220 1743 382 1824 percipiet.
435 1741 630 1823 Quicumque
658 1763 734 1808 vero
761 1743 801 1805 de
829 1745 998 1824 praedietis
1024 1745 1242 1810 sacerdotibus

93 1831 148 1894 vel
174 1831 323 1892 ministris
350 1848 405 1908 pro
433 1830 483 1890 sui
510 1829 647 1910 utilitate
673 1838 769 1910 atque
799 1831 935 1894 amicitia
953 1831 1006 1892 vel
1028 1833 1241 1912 praestatione

93 1925 149 1980 aut
175 1933 373 1996 quocumque
399 1913 491 1976 modo
520 1923 575 1976 aut
602 1935 659 2002 per
686 1917 857 1995 scripturae
886 1916 999 1978 seriem
1026 1919 1194 1980 meruerint
1206 1918 1240 1996 a)

90 2023 111 2065 a
133 2001 272 2083 quolibet
298 2001 412 2062 collata
438 2001 617 2082 percipere,
644 2000 676 2062 iu
700 2001 793 2063 rebus
816 2001 1042 2064 ecclesiasticis
1063 2021 1126 2064 non
1145 2011 1240 2082 pote-

89 2096 162 2152 runt
192 2085 345 2148 numerari
358 2083 414 2166 ⁸),
447 2084 507 2147 sed
538 2085 621 2165 quod
634 2087 761 2148 'exinde
789 2087 943 2148 voluerint
970 2088 1075 2150 facere
1103 2089 1240 2168 ipsorum

89 2173 262 2235 voluntatis
283 2172 406 2232 arbitrio
428 2170 610 2250 subjacebit.
645 2168 737 2248 Quod
759 2172 787 2233 si
807 2171 868 2234 hoc
889 2180 962 2253 post
983 2192 1089 2234 eorum
1108 2183 1240 2237 mortem

88 2257 294 2323 inordinatum
313 2255 448 2317 fortasse
470 2256 672 2338 remanserit,
694 2259 832 2320 ecclesia
852 2259 914 2321 hoc
936 2257 1011 2340 sibi,
1033 2258 1084 2324 cui
1104 2261 1238 2342 praeluit

89 2343 143 2406 vel
164 2342 305 2406 minister
325 2341 449 2424 extitit,
471 2343 673 2426 inperpetuo
694 2343 874 2408 vindicabit.

174 2529 281 2590 Bonae
308 2530 353 2590 rei
380 2527 454 2590 dare
483 2531 659 2592 consultum
676 2529 710 2607 9)
742 2537 783 2589 et·
800 2529 977 2609 praesentis
998 2529 1131 2591 hahetur
1150 2533 1236 2592 vitae

89 2615 262 2679 subsidium
289 2623 322 2674 et
348 2624 496 2678 aeternae
523 2616 778 2678 remunerationis
804 2617 965 2696 expectari
986 2616 1121 2677 cernitur
1142 2635 1237 2698 prae-

89 2702 193 2762 mium.
240 2697 391 2780 Quisquis
410 2701 516 2782 itaque
537 2703 754 2783 episcoporum
773 2699 805 2760 in
825 2701 974 2782 parochia
994 2719 1053 2762 sua
1074 2709 1238 2764 monaste-

88 2789 166 2852 riurn
192 2795 373 2848 construere
400 2785 480 2850 forte
506 2788 657 2869 voluerit,
686 2794 719 2848 et
746 2786 807 2846 hoo
830 2806 871 2848 ex
892 2788 985 2849 rebus
1007 2785 1164 2848 eeclesiae
1184 2789 1236 2850 cui

86 2871 245 2956 praesidet
264 2871 362 2933 ditare
384 2871 634 2953 decreverit10),
658 2891 719 2932 non
741 2871 873 2952 amplius
893 2871 1007 2934 ibidem
1028 2891 1121 2952 quam
1142 2875 1236 2952 quin-

87 2957 304 3039 quagesimam
321 2956 375 3034 ιι)
406 2965 526 3036 partem
558 2957 632 3020 dare
662 2957 806 3036 debebit,
840 2967 875 3020 ut
906 2957 968 3020 hac
999 2961 1235 3039 temperamenti

86 3043 247 3123 aequitate
273 3049 402 3104 servata
430 3050 463 3104 et
488 3043 540 3106 cui
560 3045 665 3106 tribuit
686 3051 870 3122 competens
891 3041 1064 3105 subsidium
1085 3045 1233 3126 conferat,

89 3137 122 3192 et
149 3127 200 3190 cui
227 3127 308 3188 tollit
335 3127 447 3188 damna
475 3129 586 3211 gravia
612 3149 675 3190 non
702 3129 832 3212 infligat.
874 3128 1121 3207 Ecclesiam¹²)
1147 3149 1234 3210 vero,

87 3233 170 3297 quae
196 3213 378 3275 monasticis
405 3233 467 3276 noo
494 3215 703 3276 informabitur
729 3213 863 3296 regulis,
889 3223 945 3276 aut
972 3234 1065 3295 quarn
1090 3233 1145 3296 pro
1167 3217 1234 3276 suis

84 3299 265 3362 munificare
291 3299 426 3361 voluerit
450 3299 618 3381 sepulturis
632 3298 701 3379 13),
729 3318 791 3360 ιιοιι
819 3299 951 3380 amphus
977 3318 1070 3379 quam
1092 3301 1234 3362 centesi-

83 3406 165 3450 mam
185 3393 306 3465 partem
327 3403 444 3448 census
467 3386 625 3448 ecclesiae
637 3429 647 3466 ,
678 3385 728 3446 cui
749 3383 924 3464 praesidet,
956 3383 1069 3447 ibidem
1091 3383 1232 3448 conferre

82 3473 205 3550 licebit,
231 3489 271 3530 ea
291 3471 543 3532 tamencautela
564 3473 745 3550 observata,
774 3477 809 3532 ut
831 3468 989 3548 unam¹⁴)
1010 3471 1232 3554 tantummodo,

86 3575 166 3640 quae
187 3555 355 3635 placuerit,
382 3573 424 3616 ex
443 3555 494 3618 his
515 3555 636 3620 duabus
656 3553 976 3636 1·enunerandam¹³)
998 3565 1149 3620 assumat.

629 3657 677 3720 Vl

167 3741 248 3804 Cum
274 3741 452 3821 praeteritis
480 3745 694 3806 sanctionibus
720 3746 915 3806 notissimum
944 3743 1113 3822 habeatur,
1149 3761 1230 3824 quae

81 3827 121 3888 de
149 3829 245 3890 rebus
270 3827 493 3906 parochialium
525 3830 729 3891 eeclesiarum
764 3848 839 3909 pars
866 3829 1016 3908 episeopo
1044 3829 1230 3908 conferatur,

80 3922 252 3992 opportune
267 3912 413 3974 duximus
431 3913 669 3994 decernendum,
689 3924 725 3976 ut
741 3917 775 3975 si
796 3914 965 3994 episcopus
986 3913 1118 3993 tertiam,
1135 3931 1229 3994 quam

79 3997 235 4061 derebus
256 3999 377 4062 eisdem
398 3999 563 4062 sanctione
584 4009 713 4082 patema
734 4001 793 4064 sibi
815 3999 952 4062 debitam
972 3999 1071 4082 novit,
1093 4007 1149 4062 aut
1169 4001 1230 4082 ipsi

77 4155 270 4171 m

114 4246 142 4314 ¹)
160 4247 251 4314 <illiue
269 4248 306 4299 M·
341 4273 376 4288 -
420 4251 450 4319 ²)
468 4269 555 4305 aarum
571 4255 608 4306 M.
643 4284 678 4293 -
720 4254 748 4319 8)
768 4227 839 4319 maela
855 4251 883 4303 in
905 4269 939 4305 ιιι.
956 4253 993 4305 Μ.
1034 4279 1069 4292 -
1113 4251 1143 4316 4)
1161 4267 1229 4303 ccm-

145 4318 294 4384 2’0’13‘222'0’20
311 4317 374 4370 ibid·
416 4349 452 4362 -
499 4325 527 4392 ὅ)
544 4323 699 4388 habitudini,
723 4327 756 4375 al.
774 4322 917 4388 habitione,
936 4325 968 4374 al.
986 4320 1073 4373 habite
1093 4319 1120 4371 in
1139 4337 1173 4372 ιιι.
1190 4321 1227 4374 Μ.

112 4383 142 4443 ⁶)
161 4387 283 4453 majorem
302 4389 377 4441 deest
394 4407 436 4458 ap.
454 4393 491 4443 M.
534 4425 570 4433 —
619 4396 647 4462 τ)
665 4393 762 4462 aliquid
779 4394 916 4445 awraeriat
937 4393 965 4444 in
983 4409 1017 4444 nr.
1033 4391 1071 4442 M.
1105 4419 1141 4428 —

112 4455 141 4520 ⁸)
158 4469 293 4508 numerare
309 4459 347 4510 M.
382 4490 417 4499 -
458 4459 487 4528 ⁹)
505 4465 638 4515 cornilione
656 4463 684 4515 irr
704 4481 737 4514 m.
754 4463 792 4514 M.
827 4492 862 4502 -
902 4461 951 4530 ¹⁰)
969 4461 1088 4513 ditaverit
1105 4459 1168 4510 ibid.
1193 4490 1228 4500 -

90 4523 141 4590 1¹)
159 4526 378 4592 quadragesimum
396 4529 460 4582 ibid.
490 4561 526 4572 —
559 4533 608 4599 ¹²)
627 4535 731 4586 ecclesia
750 4533 778 4586 ιιι
797 4538 826 4594 t.,
842 4534 876 4583 nd
893 4533 1024 4584 ecclesiam
1041 4529 1069 4582 in
1087 4546 1120 4581 ιιι.
1137 4530 1174 4582 M.
1192 4559 1227 4570 -

91 4595 141 4662 1³)
159 4597 322 4662 magnificare
338 4636 364 4650 ..
382 4602 519 4667 seripturis
536 4603 564 4655 in
575 4617 616 4654 ιιι.
634 4605 670 4656 M.
714 4633 750 4645 -
801 4607 849 4670 Η)
872 4618 948 4656 caure
969 4603 1044 4656 deest
1061 4615 1103 4670 ap.
1120 4601 1158 4656 ll.
1192 4629 1226 4640 -

92 4665 142 4734 1⁸)
160 4670 390 4723 ιιιιιιιιιιιιιιίοιιιιιι
406 4670 434 4724 in
453 4687 487 4726 ιιι.
507 4673 544 4726 Μ.
580 4702 614 4713 -
