2912 5060
221 222 287 296 aae
479 219 724 310 cononmn
744 217 1016 292 nonnarum
1030 217 1117 310 vm

222 395 365 478 delectu,
400 392 474 460 dum
505 403 539 460 et
567 391 764 477 adjudicatos
790 396 950 460 sententia
972 393 1158 477 judieiomm
1186 387 1272 459 elisit
1294 399 1331 454 et
1343 387 1382 472 ¹)

222 503 328 548 eorum
341 483 432 544 bonis
447 480 488 544 ad
502 483 638 562 ipsorum
650 483 754 546 vicem
775 483 973 546 munificatus
992 499 1083 544 nemo
1105 480 1248 562 surrexit,
1269 499 1381 560 paene

221 589 284 632 non
312 587 364 630 res
391 567 453 630 ista
480 567 722 647 disciplinom²)
749 569 779 630 in
806 569 931 648 ordine,
960 567 1018 630 sed
1046 565 1203 628 delectum
1223 566 1381 645 posuisse

221 661 372 737 pensatur
391 653 423 714 in
443 661 550 734 gente,
573 653 624 714 illo
644 651 752 732 majori
772 654 884 716 salutis
906 651 1068 734 dispendio
1089 653 1264 732 cumulato,
1288 647 1379 732 quod

222 750 288 802 tarn
307 739 389 812 haec
405 757 486 818 quae
502 736 730 816 adjudicatis³J
744 740 836 820 vigor
851 737 1035 818 judiciorum
1054 737 1260 815 abstraxerat,
1278 753 1378 816 quam

221 826 275 888 illa
296 834 383 904 quae·
398 823 633 903 qualiscumque
654 832 826 902 proventus
848 823 953 885 ordine
978 822 1203 904 profligationis
1229 839 1377 902 conges-

221 908 368 987 seram),
396 916 465 969 tota
493 908 690 988 proprietatis
716 909 887 988 principum
915 907 1084 987 amplitudo
1112 907 1144 966 in
1168 907 1270 968 sinum
1292 923 1375 966 snae

220 993 412 1074 receptionis
439 993 627 1074 incluserat3
662 993 773 1074 sicque
801 994 869 1054 solo
898 993 1059 1072 principali
1085 999 1196 1052 ventre
1224 991 1374 1070 suppleto

221 1087 338 1144 cuncta
358 1077 455 1138 totins
476 1077 582 1158 gentis
602 1078 740 1138 membra
752 1085 890 1139 vacuata
909 1078 1151 1160 languescerent
1169 1095 1210 1136 ex
1226 1075 1374 1158 defectu3

221 1165 305 1226 unde
325 1162 432 1224 evenit
443 1159 476 1240 ⁵)
498 1169 534 1224 ut
554 1181 614 1224 nee
634 1162 806 1224 subsidium
826 1162 1001 1226 mediocres
1021 1181 1082 1224 nee
1103 1160 1288 1244 dignitatem
1309 1181 1373 1222 va-

220 1250 307 1312 leant
327 1248 467 1309 obtinere
488 1245 631 1328 majores,
645 1249 718 1328 quia
738 1247 811 1309 dum
831 1249 929 1310 solius
949 1247 1117 1328 potestatis
1128 1248 1220 1328 vigor
1235 1247 1373 1308 maxima

221 1334 413 1414 occupavit,
444 1333 540 1394 totius
568 1333 668 1414 plebis
695 1341 798 1394 status
825 1353 886 1395 neo
915 1333 1040 1394 minima
1066 1331 1137 1413 jure
1152 1331 1185 1409 θ)
1223 1331 1371 1394 defendit.

221 1420 314 1484 Adeo
342 1436 414 1480 cum
442 1419 523 1478 omni
548 1419 685 1499 palatino
708 1419 811 1482 officio
832 1421 985 1500 simulque
1006 1437 1077 1480 oum
1098 1416 1246 1497 majorum
1268 1420 1369 1478 miuo-

219 1523 348 1586 rumque
376 1512 533 1566 conventu
560 1523 619 1564 nos
651 1523 759 1566 omues
784 1514 849 1566 tam
868 1505 1052 1586 pontifices,
1081 1521 1174 1584 quam
1196 1503 1291 1564 etiam
1309 1521 1366 1564 sa-

221 1591 368 1654 cerdotes
395 1597 428 1648 et
452 1589 591 1650 universi
617 1591 716 1650 sacris
734 1590 893 1652 ordinibus
914 1591 1098 1652 famulantes
1118 1588 1266 1650 concordi
1288 1587 1370 1650 deli-

219 1679 337 1740 nitione
359 1673 554 1736 decernimus
575 1683 609 1735 et
630 1684 790 1756 optamuS,
817 1685 851 1738 ut
878 1677 978 1738 omnis
1005 1675 1241 1754 conquisitionis
1260 1673 1369 1752 profli-

219 1764 308 1846 gatio
329 1763 360 1821 in
382 1761 514 1820 omnium
535 1779 635 1822 rerum
650 1762 823 1824 viventium
844 1781 883 1823 ac
903 1781 965 1823 non
976 1761 1157 1840 viventium,
1171 1760 1369 1822 immobilium

221 1866 346 1930 quoque
369 1855 402 1906 et
422 1846 540 1906 moveri
560 1847 729 1908 valentium
750 1865 878 1927 corpore
898 1847 951 1907 vel
973 1847 1091 1926 specie,
1112 1845 1284 1906 formavel
1307 1863 1368 1928 ge-

219 1953 315 2013 nere,
345 1949 426 2012 quae
452 1949 473 1990 a
500 1931 656 2012 gloriosae
684 1935 851 1994 memoriae
880 1931 1126 1993 chindasvintho
1155 1949 1233 2014 rege
1260 1949 1281 1990 a
1308 1931 1368 2011 die,

219 2037 282 2099 quo
310 2018 341 2077 in
367 2033 497 2100 regnum
524 2015 717 2096 dignoscitur
743 2017 968 2078 conscendisse
994 2025 1136 2098 repertus
1150 2014 1199 2098 ⁷),
1230 2015 1367 2098 quolibet

218 2100 312 2166 modo
342 2101 480 2160 extiterit
507 2109 749 2184 augmentasse,
779 2104 881 2164 omnia
909 2103 941 2162 in
967 2102 1159 2164 serenissimi
1179 2110 1275 2182 atque
1299 2103 1366 2164 cle-

220 2185 405 2252 mentissimi
430 2183 544 2245 domini
569 2187 668 2246 nostri
687 2187 915 2249 Receesviuthi
942 2187 1088 2268 principis
1113 2189 1242 2268 perenni
1261 2195 1366 2248 trans-

220 2281 295 2336 eant
320 2277 482 2350 potestate
511 2280 543 2332 et
571 2281 722 2352 perpetuo
750 2273 939 2354 deputentur
966 2271 1107 2354 injure,
1133 2293 1195 2334 non
1223 2273 1362 2336 habenda

219 2356 372 2442 parentali
391 2357 615 2438 successione,
644 2358 702 2419 sed
730 2359 920 2439 possidenda
940 2360 1039 2440 regali
1060 2361 1297 2442 congressione,
1315 2359 1362 2419 ita

219 2453 256 2506 ut
272 2441 359 2523 juste
381 2441 441 2502 sibi
461 2440 567 2502 debita
583 2443 714 2524 quisque
734 2445 895 2526 percipiat,
917 2445 1005 2504 etde
1022 2446 1147 2525 reliquis
1168 2443 1209 2506 ad
1229 2445 1365 2506 remedia

218 2527 429 2610 subjectomm
459 2545 674 2609 quaecumque
703 2530 835 2612 elegerit
861 2530 1009 2610 principis
1034 2530 1181 2591 voluntas
1207 2538 1365 2612 exerceat,

217 2617 280 2680 illis
306 2610 543 2691 tantumdem⁸J
572 2616 731 2694 exeeptiS,
762 2635 843 2696 quae
870 2624 1058 2676 memoratus
1078 2615 1170 2676 divae
1200 2617 1365 2678 memoriae

219 2698 487 2764 Chindasvintbus
515 2699 661 2778 princeps
688 2708 761 2760 ante
788 2721 918 2782 regnum
949 2710 1003 2762 aut
1030 2719 1071 2762 ex
1095 2703 1226 2782 propriis
1248 2710 1303 2762 aut
1324 2721 1365 2762 ex

214 2785 391 2866 justissime
413 2783 598 2863 conquisitis
618 2785 707 2845 visus
729 2793 780 2846 est
797 2786 961 2867 habuisse,
982 2787 1139 2866 inquibus
1157 2789 1279 2850 eunctis
1295 2786 1365 2848 filiis

219 2869 289 2950 ejus
311 2889 373 2930 nna
399 2887 471 2930 cum
499 2869 634 2950 glorioso
661 2869 783 2932 domino
811 2881 917 2934 nostro
937 2872 1172 2934 Receesvintho
1193 2893 1270 2956 rege
1290 2892 1365 2952 per-

217 2964 344 3022 maneat
366 2962 400 3016 et
417 2952 532 3040 ¹divisio
554 2955 650 3016 libera
672 2965 705 3016 et
730 2959 892 3036 possessio
919 2977 999 3038 pace
1027 2957 1223 3036 plenissima:
1251 2957 1365 3020 sedet

217 3044 290 3108 illae
317 3059 387 3120 res,
414 3057 493 3119 quas
520 3039 699 3118 praedictus
726 3043 870 3122 princeps
893 3042 932 3103 de
953 3041 1048 3122 justis
1070 3046 1272 3123 proventibus
1292 3043 1365 3105 tiliis

216 3128 285 3194 suis
300 3124 354 3186 vel
370 3124 557 3206 quibuslibet
572 3123 748 3204 justissime
763 3128 852 3188 visus
868 3136 919 3188 est
934 3129 1106 3190 contulisse
1121 3130 1174 3190 vel
1191 3129 1364 3210 reliquisse,

215 3229 327 3278 omnes
347 3211 379 3272 in
402 3227 508 3271 eorum
524 3207 595 3290 jure
616 3219 763 3274 maneant
783 3212 967 3274 inconvulse
980 3212 1029 3293 ⁹),
1058 3213 1110 3274 illa
1130 3215 1250 3296 negotii
1271 3213 1365 3294 hujus

215 3301 351 3362 veritate
378 3305 522 3376 servata,
549 3305 586 3357 ut
608 3297 681 3377 quia
708 3307 799 3379 grata
818 3299 964 3360 voluntas
984 3299 1112 3381 glqriosi
1132 3299 1246 3362 domini
1266 3301 1366 3362 nostri

215 3381 444 3448 Reccesvinthi
466 3382 552 3464 regis
572 3381 702 3444 reddere
716 3383 854 3446 decernit
875 3383 1041 3464 unicuique
1058 3381 1232 3464 justissime
1248 3383 1363 3468 debita,

214 3487 306 3536 nemo
328 3467 499 3529 invasionis
521 3465 704 3528 calumniam
722 3477 848 3530 moveat
865 3478 919 3530 aut
940 3469 1052 3532 damna
1072 3471 1215 3550 requirat,
1237 3481 1364 3552 propter

215 3552 366 3636 qnod10)
393 3550 549 3634 gloriosae
574 3553 742 3615 memoriae
763 3555 935 3638 genitorem
961 3553 1031 3634 ejus
1053 3555 1209 3636 quaedam·
1225 3557 1364 3620 indebite

213 3640 384 3706 abstulisse
397 3635 450 3716 11)
472 3635 665 3700 constiterat.

260 3810 344 3876 Irex
371 3791 485 3872 ¹edita
513 3809 551 3870 in
584 3801 720 3869 eodem
751 3803 921 3870 coneilio
954 3825 975 3870 a
1007 3805 1317 3872 Reoeesvintho

583 3893 772 3975 principe
802 3891 995 3975 glorioso.

297 4023 333 4084 In
353 4021 478 4083 nomine
500 4018 615 4082 domini
634 3991 766 4082 Flavius
785 4016 1041 4082 Reccesvinthus
1060 4037 1127 4082 rex.
1166 4021 1365 4084 Eminentius

213 4106 369 4174 celsitudo
396 4114 643 4201 terrenaettunc
678 4104 831 4168 salubrius
863 4106 1006 4169 sublimia
1031 4107 1178 4187 probatur
1204 4116 1364 4189 appetere,

248 4323 278 4391 1)
296 4331 322 4379 et
338 4325 366 4375 io
381 4322 419 4378 M.
453 4353 489 4365 -
534 4325 563 4394 2)
580 4341 653 4378 nenio
669 4337 750 4392 poene
765 4323 876 4374 teooim
894 4323 1054 4390 dbclplioom
1071 4320 1099 4374 in
1116 4338 1150 4374 nr.
1168 4322 1205 4376 M.
1241 4351 1276 4362 -

248 4394 278 4460 ³)
295 4409 359 4462 miae
375 4394 406 4444 de
418 4395 544 4462 judicatis
559 4397 607 4461 M.,
625 4398 657 4447 al.
675 4409 739 4462 quoe
756 4410 774 4444 a
785 4393 920 4460 judicatis.
944 4415 981 4433 -
1014 4389 1045 4458 ⁴)
1062 4393 1216 4444 contriverat
1232 4391 1260 4446 in
1275 4409 1311 4444 m.
1323 4391 1364 4442 Μ.

249 4464 279 4530 ὃ)
295 4465 391 4516 eveniet
406 4464 444 4518 M.
483 4495 519 4510 -·
564 4466 594 4534 θ)
606 4465 671 4533 juro
686 4465 715 4516 in
733 4480 768 4518 m·
786 4463 823 4516 M.
863 4489 899 4506 -
947 4464 975 4532 t)
992 4469 1095 4528 reperto
1112 4464 1140 4512 io
1156 4462 1184 4514 in
1202 4479 1236 4514 m.
1254 4461 1291 4516 Μ.
1325 4487 1364 4500 ·-

216 4589 220 4594 ,
248 4533 276 4601 ⁸)
295 4535 467 4586 tantammodo
483 4535 521 4588 M.
544 4563 579 4576 -
615 4534 645 4602 ο)
662 4535 822 4589 ὁκοοπυυῑιαο
837 4533 874 4588 M.
899 4559 935 4572 -
968 4529 1017 4598 1⁰)
1035 4538 1139 4598 praeter
1154 4547 1219 4600 quoe
1235 4531 1263 4586 in
1275 4547 1310 4584 ra.
1322 4530 1363 4582 M.

226 4605 276 4671 1¹)
293 4602 410 4656 labaim
424 4604 489 4660 ibid.
523 4633 558 4648 .-
