2880 5050
211 245 279 314 bid
466 239 709 314 fflNOIHUll
735 239 1006 310 rouurnrtmr
1024 239 1108 310 xm

213 415 387 484 emimus
402 413 563 499 febriam,
579 423 616 480 ut
636 433 676 480 co
695 413 842 482 ilrmitate
861 413 1091 481 inconvulsibili
1111 411 1237 500 droant,
1260 431 1332 502 quo
1348 416 1389 498 Ι)

211 523 309 586 snper
345 501 581 566 fundamentum
612 521 709 566 verse
745 501 820 566 iidei
858 503 971 568 ilrerint
1002 510 1184 566 constructa
1215 522 1386 584 perenne.

212 589 305 654 [lude
334 597 369 651 et
397 588 457 652 has
485 588 709 652 incommune
737 589 928 670 sententias,
957 603 1037 670 quus
1064 588 1212 670 principis
1240 589 1386 654 hortatu

212 672 441 739 construendas
468 673 667 756 accepimus,
694 675 849 738 communi
868 683 944 736 voto
966 673 1133 757 edidimus,
1159 693 1244 757 quas
1273 677 1385 742 etiarn

213 769 343 828 aeterno
364 759 561 824 reverentiae
582 760 694 846 vigore
714 758 929 826 observandas
949 759 1016 824 fore
1037 778 1216 826 censemus.

298 925 523 996 praeconabile
553 929 680 1013 signum
710 939 764 994 est
790 929 852 994 illis
881 948 1006 1012 semper
1031 929 1170 1016 negotiis
1198 931 1377 1016 iuteresse,

212 1036 295 1099 quac
316 1027 350 1082 et
370 1037 391 1080 a
409 1018 529 1098 pietate
549 1015 700 1098 incipiunt
721 1025 755 1080 et
773 1035 831 1098 per
850 1017 979 1098 pietatis
998 1017 1124 1080 viscera
1144 1024 1375 1098 temperantur.

213 1103 327 1168 Pietas
353 1105 461 1184 enim,
491 1111 527 1165 ut
555 1104 601 1165 ait
625 1103 820 1186 Apostolus,
848 1103 893 1166 ad
917 1103 1025 1166 omnia
1051 1103 1144 1166 utilio
1169 1111 1243 1166 este
1277 1105 1372 1186 cujus

212 1191 337 1252 virtutis
366 1188 536 1252 admirabili
564 1187 646 1252 dono
676 1207 731 1253 our
758 1189 887 1271 gloriosi
907 1195 1003 1270 atque
1028 1189 1261 1271 religiosissimi
1280 1194 1372 1272 prin-

211 1276 293 1356 cipis
319 1274 419 1337 nostri
445 1274 550 1337 divino
577 1275 652 1358 igne
679 1291 870 1338 succensum
896 1273 1039 1348 decrerit
1065 1275 1181 1354 pariter
1202 1283 1237 1338 et
1257 1277 1367 1361 elegit,

210 1369 248 1427 ut
275 1360 308 1422 in
332 1379 427 1424 uuum
453 1369 580 1424 coetum
606 1377 716 1424 omncs
742 1359 915 1441 Hispaniae
936 1360 1105 1443 aggregati
1124 1359 1291 1442 pontifices
1311 1364 1364 1424 illa

211 1443 440 1528 decernerent,
474 1463 555 1528 quae
589 1453 624 1508 et
655 1445 846 1529 gravedines
874 1463 1088 1527 pressurarum
1117 1454 1295 1508 removeant
1320 1455 1355 1508 et

210 1532 436 1596 sublevationis
457 1550 549 1612 opem
570 1529 703 1611 dejectis
724 1531 886 1614 opulenter
906 1529 1096 1613 impendant.
1135 1532 1238 1594 Primo
1263 1531 1353 1614 igitur

210 1619 408 1701 negotiorum
437 1635 570 1697 exorsu,
601 1617 745 1679 hortante
771 1618 887 1698 pariter
912 1625 946 1678 et
968 1615 1100 1696 jubente
1126 1617 1361 1700 religiosissimo

211 1701 334 1768 somno
361 1710 468 1766 nostru
495 1702 624 1784 Ervigio
652 1721 746 1786 rege,
772 1701 1001 1766 deremendum
1027 1703 1118 1766 uobis
1147 1703 1303 1784 occurrit,
1329 1711 1364 1766 ut

210 1805 330 1870 omncs,
344 1805 424 1869 quos
444 1788 600 1852 scelerata
620 1788 776 1869 quondam
797 1797 906 1852 eontra
926 1796 1056 1871 gentem
1078 1795 1112 1850 et
1131 1789 1267 1868 patriam
1288 1807 1365 1850 corr-

207 1871 323 1955 juratio
344 1873 434 1936 Pauli
456 1874 487 1936 in
508 1873 668 1953 perfidiam
689 1875 783 1936 traxit
803 1883 837 1936 et
857 1875 947 1936 titulo
975 1875 1145 1936 testimonii
1173 1873 1365 1938 honestioris

210 1960 322 2040 abegit
331 1958 381 2040 ²),
409 1958 451 2020 ad
472 1966 590 2024 statum
611 1957 775 2041 dignitatis
793 1959 944 2038 pristinae
964 1958 1096 2022 redeant
1115 1966 1149 2020 et
1169 1959 1254 2022 nulla
1275 1960 1366 2022 dein·

211 2062 290 2124 ceps
311 2043 371 2106 illis
391 2044 431 2106 ob
451 2042 513 2106 hoo
534 2051 648 2106 catena
663 2041 823 2121 judicialis
844 2045 997 2125 obsistat,
1025 2044 1084 2108 sed
1105 2062 1214 2107 omnes
1235 2045 1283 2108 ita
1304 2065 1366 2129 ge-

209 2145 344 2192 nerosae
364 2127 471 2207 stirpis
493 2145 532 2188 ac
553 2127 723 2190 nobilitatis
743 2130 885 2208 propriae
906 2130 1042 2192 subeant
1062 2129 1161 2194 decus
1172 2175 1183 2211 ,
1211 2139 1249 2192 ut
1269 2151 1365 2212 prae-

210 2213 325 2278 teritae
353 2211 543 2274 infidelitatis
569 2213 685 2274 nullum
711 2213 868 2294 perferant
895 2213 1044 2278 dedecus.
1086 2213 1178 2293 Quod
1204 2217 1303 2278 etiam
1331 2223 1362 2278 et

211 2296 253 2361 de
280 2297 353 2360 filiis
383 2315 490 2360 eorum
514 2297 711 2363 decernimus
737 2297 984 2382 observandum,
1011 2301 1065 2381 qui
1091 2311 1165 2381 post
1191 2301 1359 2364 admissum
1425 2333 1426 2378 ;

208 2391 372 2466 pareutum
406 2392 671 2464 praememoratae
706 2384 929 2465 profanationis
959 2387 1067 2450 scelus
1094 2387 1159 2450 nati
1186 2404 1264 2452 esse
1289 2407 1363 2468 pro-
1425 2413 1426 2420 ι

211 2471 342 2550 duntur,
363 2470 433 2532 sive
455 2469 495 2532 de
518 2471 633 2534 ceteris
654 2471 806 2550 omuibus,
828 2472 880 2552 qui
902 2489 945 2532 ex
965 2480 1105 2551 tempore
1126 2471 1219 2534 divae
1241 2491 1365 2535 merno-

209 2557 275 2620 riae
305 2555 472 2618 Chiutilani
488 2556 523 2634 ⁸)
553 2557 639 2638 regis
665 2556 757 2618 simili
786 2557 950 2637 hucusque
976 2556 1185 2620 infamationis
1212 2567 1289 2620 nota
1310 2578 1366 2622 re-

210 2641 314 2722 spersi
340 2649 423 2704 sunt.
464 2642 508 2702 Et
528 2643 602 2722 quia
622 2642 781 2704 incassum
804 2660 824 2704 a
844 2644 997 2704 servitute
1018 2644 1156 2724 exuitur,
1178 2644 1231 2724 qui
1254 2645 1366 2725 spoliis

210 2727 376 2808 premitur,
401 2726 463 2790 boc
484 2727 579 2788 etiam
600 2723 808 2806 adjiciendum
828 2728 983 2807 praecelsi
1004 2728 1152 2808 principis
1171 2731 1271 2790 nostri
1293 2729 1366 2792 cle·

206 2813 326 2874 mentia
348 2809 463 2893 jussit,
495 2821 531 2874 nt
559 2813 728 2894 aggregati
758 2820 871 2874 coetus
899 2812 997 2874 nostri
1024 2813 1181 2876 sententia
1206 2813 1364 2896 definiret,

210 2915 272 2978 quo
298 2915 370 2960 cum
396 2904 525 2976 recepto
552 2898 730 2958 testimonio
755 2897 917 2994 dignitatis
937 2899 1085 2980 congruis
1105 2899 1262 2962 alerentur
1281 2901 1365 2962 sub-

208 2984 344 3046 stantiis.
370 2981 460 3044 Unde
481 2999 650 3046 consonam
665 2983 750 3044 votis
771 3002 841 3062 epus
860 2984 1049 3046 sententiam
1070 2984 1319 3065 praeformantes
1328 2983 1364 3065 ⁴)

210 3069 364 3150 elegimus
370 3103 387 3147 ,·
409 3076 445 3128 ut
473 3086 512 3128 ea
540 3085 622 3148 quae
652 3066 692 3128 de
722 3068 816 3130 rebus
843 3087 949 3132 comm
973 3070 1048 3130 nulli
1068 3069 1184 3132 donata
1203 3072 1363 3152 usquein

208 3153 374 3234 stipendiis
394 3151 470 3214 data
491 3152 550 3214 sed
570 3159 689 3216 tanturn
710 3151 780 3214 fisci
800 3162 874 3214 sunt
889 3151 1010 3234 juribus
1020 3153 1054 3232 ὅ)
1071 3156 1238 3238 applicata,
1258 3174 1365 3220 rmus-

209 3241 343 3321 quisque
364 3237 448 3319 quod
471 3239 585 3319 cuique
610 3237 763 3318 proprium
793 3238 887 3301 fuerit
911 3240 1127 3304 incunctanter
1146 3260 1203 3322 per
1223 3243 1365 3304 auotori-

208 3334 296 3388 tates
314 3325 421 3407 regias
441 3321 664 3405 possidendum
685 3324 831 3406 recipiat,
859 3334 893 3388 et
918 3333 1080 3405 receptum
1105 3325 1217 3406 proprii
1244 3327 1364 3388 arbitrii

207 3411 353 3472 libertate
383 3409 538 3490 disponat.
587 3409 644 3470 Ille
664 3429 756 3490 vero,
784 3428 866 3491 quae
893 3409 934 3472 de
955 3430 1062 3474 eorum
1083 3411 1172 3474 bonis
1192 3411 1363 3496 largitione

208 3493 369 3578 principali
389 3495 515 3556 cuilibet
536 3493 651 3556 donata
671 3496 724 3556 vel
745 3495 776 3555 iu
797 3495 953 3576 stipendio
975 3495 1050 3558 data
1071 3505 1162 3577 sunt,
1193 3497 1224 3558 in
1251 3515 1360 3560 eorum

201 3579 273 3663 jure
299 3579 412 3662 quibus
439 3597 594 3641 concessa
623 3589 698 3642 sunt
724 3582 877 3660 perpetim
906 3581 1100 3644 tenebuntur.
1149 3579 1254 3664 Hujus
1282 3601 1360 3666 ergo

206 3667 335 3748 pietatis
356 3666 562 3745 sententiam,
584 3682 677 3744 quam
698 3665 858 3728 ordinante
879 3665 1039 3746 praedicto
1060 3667 1197 3750 glorioso
1218 3665 1359 3749 principe

206 3761 314 3816 nostro
342 3750 562 3831 formavimus,
594 3749 623 3812 si
652 3751 723 3832 quis
753 3751 975 3816 immutandam
1001 3751 1154 3836 elegerit,
1185 3761 1221 3815 et
1251 3761 1357 3816 tautae

206 3836 436 3903 misericordiae
458 3836 606 3900 fabricam
626 3837 775 3900 subruere
796 3840 982 3919 tentaverit,
1008 3856 1065 3920 per
1084 3836 1239 3920 judicium
1258 3835 1352 3902 omui·

205 3923 345 4006 potentis
365 3921 418 3984 dei
436 3923 603 3985 anathema
622 3921 675 3983 sit
756 4001 796 4064 E

290 4087 460 4154 Secundae
488 4089 663 4154 collationis
684 4087 810 4170 objectu
830 4050 884 4152 res
902 4099 1010 4154 nostro
1031 4094 1138 4156 coetui
1158 4090 1359 4176 lacrymanda

207 4177 365 4257 occurrit,
396 4193 479 4260 quae
508 4183 596 4240 tanto
624 4183 677 4238 est
701 4171 865 4257 synodalis
889 4173 1000 4256 judieii
1025 4179 1164 4260 pondere
1191 4179 1358 4262 abigenda,

204 4265 323 4346 quanto
342 4263 527 4328 immensam
546 4271 686 4348 stragem
707 4261 832 4344 populis
852 4261 1009 4344 aranu)
1028 4265 1144 4347 pariter
1163 4273 1199 4330 et
1219 4263 1357 4330 ruinam:
1423 4259 1424 4317 l

241 4495 271 4564 ι)
288 4475 456 4586 optaram
471 4498 569 4552 nem
587 4498 679 4568 nem
694 4511 760 4565 quae
782 4471 867 4554 uas.
907 4453 947 4539 -’
987 4498 1018 4568 2)
1035 4499 1130 4571 ancer
1146 4499 1189 4582 n.
1223 4526 1260 4542 .-

239 4567 490 4705 :pmff
541 4595 576 4610 ··-
627 4566 935 4637 ommutuit.
985 4595 1021 4610 -
1074 4567 1356 4637 nondun.-
