2880 5050
328 255 572 338 contemtum
593 250 866 335 ronnrANtm
885 269 955 335 xrt
1155 271 1220 338 ³2³

55 445 234 512 sitionibus
259 441 447 508 execrandis
474 442 605 524 qualiter
626 459 645 504 a
666 459 704 504 se
725 448 872 504 tonsurae
892 443 1071 506 venerabile
1092 443 1218 530 signum

57 533 227 614 expellant
256 541 352 612 atque
387 529 525 591 habitum
556 527 716 610 religionis
745 526 914 610 abjiciant,
948 530 1218 610 impudentissime

57 627 250 682 asserentes
275 617 348 678 ideo
376 633 413 677 se
434 615 527 676 nullis
547 614 669 696 regulis
691 613 933 675 ecclesiasticae
954 614 1136 696 disciplinae
1157 619 1217 681 sub

56 708 126 769 iroc
146 713 223 766 vato
244 703 362 782 teneri,
382 701 456 781 quia
475 700 700 780 poenitentiam
722 717 783 760 nec
804 700 864 780 ipsi
885 700 1033 780 petierint
1053 721 1113 764 nec
1138 721 1218 765 sen-

58 793 181 854 tientes
194 789 225 867 1]
253 787 442 867 acceperint
484 783 622 862 Quomm
648 784 842 864 impudentia
868 803 986 864 procax
1007 795 1041 848 et
1061 789 1218 852 obstinata

57 877 241 959 procacitas
260 889 459 954 nequaquam
482 871 557 931 talia
579 871 714 949 diceret,
736 871 765 930 si
776 869 811 947 ²)
832 871 964 952 qualiter
985 872 1027 934 ad
1046 875 1143 936 vitam
1161 895 1219 956 por

58 961 260 1026 sacrosancti
285 958 404 1020 lavacri
431 957 563 1038 gratiam
588 957 713 1018 venerit
741 957 945 1019 meminisset.
987 960 1114 1022 Etenim
1142 980 1219 1041 par-

57 1049 206 1110 vulorum
232 1045 393 1106 infantium
419 1044 487 1103 vita
513 1041 653 1124 originali
682 1050 818 1120 peccato
844 1042 995 1124 obnoxia,
1023 1063 1105 1126 quae
1133 1047 1217 1110 nullo

60 1155 121 1215 per
149 1139 288 1194 aetatem
311 1127 510 1191 discernendi
530 1128 584 1187 vel
612 1127 782 1206 expetendi
810 1145 907 1189 sensu
935 1131 1037 1209 aptior
1059 1129 1217 1210 judicatur

61 1221 125 1282 nisi
145 1217 314 1298 sponsione
336 1213 483 1293 fidelium,
504 1212 652 1292 baptismi
677 1211 851 1292 accipiat³)
872 1223 1110 1299 sacramentum,
1134 1219 1217 1281 nullo

64 1321 179 1385 sensu,
212 1303 295 1364 nulla
322 1301 417 1360 etiam
444 1298 644 1361 discretionis
673 1297 824 1358 industria
850 1297 882 1359 id
903 1309 1054 1380 appetere
1074 1313 1219 1382 possunt

63 1390 157 1453 Unde
185 1389 268 1450 siout
297 1387 510 1465 baptismum,
539 1383 623 1463 quod
650 1383 865 1444 nescientibus
893 1386 1030 1465 parvulis
1057 1390 1128 1449 sine
1154 1391 1218 1453 ulla

63 1470 337 1554 contemptione⁴J
352 1473 382 1531 in
403 1469 466 1531 lide
487 1477 607 1530 tantum
629 1469 834 1547 proximorum
855 1471 1017 1552 accipitur,
1029 1473 1075 1534 ita
1091 1483 1123 1535 et
1136 1495 1219 1555 poe-

64 1561 218 1622 nitentiae
242 1559 374 1636 donum,
404 1553 488 1636 quod
518 1553 731 1619 nescientibus
759 1554 908 1636 illabitur,
939 1557 1058 1637 absque
1079 1560 1142 1621 ulla
1163 1581 1217 1623 re-

65 1645 242 1728 pugnantia
262 1637 518 1718 inviolabiliter³)
540 1640 588 1720 hi,
610 1639 661 1719 qui
682 1638 755 1700 illud
778 1642 973 1723 exceperint,
995 1645 1223 1709 observabunt.⁶

67 1733 105 1794 Si
135 1731 206 1814 quis
220 1728 254 1807 ⁸)
293 1735 398 1788 autem
426 1726 565 1808 quolibet
598 1723 690 1786 modo
719 1727 942 1806 poenitentiam
969 1729 1128 1810 accipiens
1155 1732 1217 1797 hoc

65 1815 233 1878 violaverit
258 1811 411 1896 synodale
440 1811 640 1889 institutum,
671 1819 712 1870 ut
733 1829 810 1872 vere
837 1821 1051 1896 transgressor
1078 1819 1217 1898 paternis

63 1901 185 1984 regulis
204 1901 348 1979 ferietur3
363 1916 425 1960 nec
447 1899 528 1958 onim
548 1895 613 1958 ista
633 1897 836 1960 instituentes
857 1900 1041 1962 sacerdotes
1064 1921 1217 1986 quosque,

63 1997 101 2050 ut
127 1987 249 2070 passim
275 1992 310 2045 et
336 1983 468 2046 licenter
496 1982 611 2044 donum
643 1983 858 2062 poenitentiae
891 2004 954 2048 non
985 1989 1166 2067 petentibus
1182 1989 1218 2070 8)

65 2073 204 2137 audeant
233 2087 419 2152 prorogare,
449 2069 661 2148 absolvimus,
694 2069 753 2130 sed
780 2070 857 2151 hos,
887 2074 940 2152 qui
965 2073 1102 2154 qualibet
1129 2084 1217 2137 sorte

65 2157 290 2240 poenitentiam
312 2157 530 2236 susceperint,
559 2173 601 2214 ne
618 2154 749 2216 ulterius
771 2155 811 2218 ad
832 2157 963 2219 militare
984 2159 1144 2241 cingulum
1165 2179 1219 2223 rc-

67 2246 179 2324 dcant,
199 2239 434 2323 relegamus').
470 2240 630 2302 Sacerdos
650 2248 766 2319 tamen,
789 2242 841 2321 qui
862 2261 923 2303 non
944 2246 1093 2306 sentienti
1113 2265 1218 2328 nequa

66 2329 187 2410 petenti
200 2327 234 2405 ε)
261 2345 341 2387 ausu
369 2327 533 2386 temerario
561 2326 786 2405 poenitentiam
808 2326 943 2407 dederit,
972 2349 1076 2410 neque
1097 2349 1134 2392 se
1157 2351 1219 2394 ex-

68 2417 193 2476 hortatu
221 2410 305 2490 ejus,
333 2413 385 2492 qui
413 2411 637 2490 poenitentiam
665 2413 807 2492 accepit,
835 2431 981 2494 manuum
1009 2415 1131 2478 indiciis
1160 2419 1215 2480 vel

70 2497 256 2580 quibuslibet
289 2497 359 2558 aliis
391 2496 590 2558 evidentibus
622 2495 903 2578 significationibus
929 2500 1091 2562 invitatum
1118 2504 1218 2565 fuisse

67 2584 253 2669 probaverit,
273 2583 367 2644 unius
392 2583 464 2643 anni
486 2583 817 2645 excommunicationis
834 2585 1013 2647 sententiae
1033 2585 1219 2668 subjacebit.

621 2685 664 2744 111

152 2770 298 2834 Vidimus
328 2767 481 2852 quosdam
508 2776 542 2830 et
568 2767 712 2831 flevimus
737 2789 781 2831 ex
802 2763 928 2834 numero
950 2773 1143 2854 culpatomm
1165 2796 1220 2840 re-

69 2867 180 2939 ceptos
207 2859 240 2918 in
270 2858 403 2940 gratiam
432 2856 606 2936 principum
635 2865 668 2917 et
698 2865 840 2918 extorres
866 2860 1013 2922 extitisse
1039 2880 1059 2922 a
1083 2863 1218 2946 collegio

69 2943 284 3005 sacerdotum:
305 2943 389 3022 quod
409 2940 586 3002 denotabile
608 2941 721 3002 malum
742 2943 794 3004 illa
816 2963 867 3006 res
889 2946 966 3028 agit,
988 2945 1095 3028 qua⁸)
1115 2947 1219 3010 licen-

70 3030 115 3090 tia
134 3027 320 3110 principalia,
341 3029 373 3088 in
395 3043 456 3108 quo
477 3045 514 3088 se
535 3027 616 3087 solvi
631 3026 683 3106 ¹⁰)
705 3028 852 3091 licentius
873 3041 972 3112 curat,
994 3029 1036 3093 ibi
1056 3031 1134 3093 alios
1155 3033 1219 3094 illi·

71 3121 128 3196 gat
145 3110 199 3191 ¹¹)
211 3159 221 3194 ,
256 3121 289 3174 et
319 3131 398 3194 quos
427 3113 458 3173 in
487 3131 577 3173 suam
605 3115 851 3176 communionem
884 3116 1009 3180 videtur
1044 3117 1217 3200 suscipere,

71 3219 91 3260 a
117 3200 331 3261 communione
360 3207 392 3260 et
417 3215 500 3280 pace
526 3199 684 3260 ecclesiae
712 3199 801 3281 eligit
827 3219 989 3285 separare,
1019 3205 1126 3284 utqui
1148 3224 1235 3282 cum·

69 3285 119 3345 illo
141 3293 338 3346 convescunt
351 3283 405 3363 ¹²)
427 3284 496 3346 sola
517 3283 716 3346 sacerdotum
738 3287 953 3348 communione
974 3289 1142 3368 priventur.
1175 3290 1220 3352 ut

70 3369 139 3432 ideo
161 3370 234 3451 quia
255 3369 396 3430 remissio
417 3369 540 3450 talium,
570 3370 623 3450 qui
651 3378 759 3432 contra
783 3389 908 3452 regem,
936 3381 1066 3456 gentem
1087 3373 1139 3434 uel
1159 3393 1221 3456 pa-

69 3457 157 3517 triam
179 3465 295 3538 agunt,
316 3474 372 3535 per
394 3453 593 3516 definitiones
615 3473 768 3517 canonum
790 3457 983 3538 antiquorum
1004 3459 1036 3520 in
1056 3467 1219 3539 potestate

72 3542 170 3601 solum
190 3542 280 3620 regia
301 3538 539 3620 apponitur¹³),
562 3541 613 3602 cui
634 3549 667 3602 et
687 3559 842 3620 peccasse
863 3553 1050 3622 noscuntur,
1073 3544 1153 3607 adeo
1166 3543 1220 3626 Ν)

70 3625 153 3686 nulla
181 3642 218 3684 se
246 3623 397 3704 deinceps
425 3641 445 3684 a
472 3621 587 3687 talibus
613 3627 781 3688 abstinebit
809 3629 1009 3692 sacerdotum
1035 3633 1220 3714 communio,

72 3709 129 3772 sed
156 3726 236 3790 quos
261 3710 350 3790 regia
378 3715 523 3790 potestas
550 3719 605 3773 aut
625 3712 656 3772 in
676 3714 809 3794 gratiam
836 3714 1040 3797 benignitatis
1065 3719 1221 3797 receperit

72 3803 126 3858 aut
145 3793 317 3876 participes
338 3813 468 3857 mensae
489 3815 567 3858 suae
590 3795 749 3878 effecerit,
770 3797 830 3858 hos
852 3801 946 3862 etiam
967 3799 1165 3864 sacerdotum
1187 3810 1220 3865 et

70 3881 249 3962 populorum
286 3889 463 3943 conventus
496 3882 660 3962 suscipere
692 3883 725 3942 in
753 3881 974 3949 ecclesiastica
1004 3887 1221 3949 communione

72 3967 210 4043 debebit,
238 3973 276 4028 ut
303 3968 386 4048 quod
408 3965 474 4046 jam
501 3967 681 4047 principalis
704 3966 809 4047 pietas
829 3969 927 4035 habet
946 3979 1133 4056 acceptum,
1160 3991 1221 4038 nec

70 4071 91 4132 a
111 4053 325 4134 sacerdotibus
345 4053 398 4116 dei
417 4053 570 4116 habeatur
591 4060 791 4116 extraneum..

105 4302 134 4369 ἱ)
150 4305 258 4354 scientae
273 4302 311 4354 Μ.
328 4329 365 4342 -
389 4301 421 4371 ²)
438 4304 462 4354 ri
480 4302 558 4355 deest
572 4317 614 4370 ap.
630 4301 668 4356 Μ.
687 4329 724 4342 -
749 4302 779 4372 ³)
796 4301 879 4356 notit.
889 4337 896 4355 .
908 4304 1167 4378 ammincoolpinnt
1183 4309 1222 4364 M.

102 4373 308 4440 ⁴)coetcntionc
317 4373 355 4424 Μ.
373 4401 410 4412 -
434 4373 463 4441 ὅ)
480 4374 658 4439 tmpoyeonrar
673 4374 823 4426 motationis
838 4373 867 4425 in
882 4390 919 4426 m.
937 4375 976 4428 M.
993 4403 1029 4417 --
1054 4380 1084 4448 θ)
1096 4382 1152 4448 qaia
1170 4397 1222 4434 om.

137 4441 207 4494 aM.
239 4471 277 4486 -··
318 4441 347 4512 ¹³)
364 4445 504 4510 rciipomes
519 4437 556 4495 Μ.
580 4471 617 4484 ·-
652 4443 681 4512 ⁸)
699 4443 1069 4512 pomilectiirm..poeaiterrti
1086 4449 1118 4502 in<
1132 4467 1167 4502 m.
1184 4451 1222 4504 M.

105 4512 134 4582 θ)
151 4513 263 4579 quiebi.
298 4541 335 4554 -··
366 4513 417 4582 ¹⁰)
434 4515 501 4566 colei
517 4512 547 4565 in
570 4528 605 4563 m.
628 4511 665 4565 M.
699 4543 736 4556 -·
768 4513 818 4581 1¹)
836 4515 928 4581 oliipm
944 4515 982 4568 M.
1016 4547 1053 4558 -
1094 4520 1223 4588 ιηωη.

105 4590 270 4720 Unaquaeque
286 4581 384 4704 nard&
405 4609 442 4623 --
481 4581 532 4651 1⁸)
549 4582 723 4652 petitorii„
740 4582 1009 4651 panitur(om.roce
1026 4585 1066 4656 lo)
1083 4588 1169 4644 Hand.
1186 4619 1222 4634 -

86 4659 96 4694 ¹
149 4669 165 4704 a
255 4653 283 4707 in
301 4670 337 4706 ma
385 4689 392 4705 e
426 4679 462 4692 “““

944 4737 1023 4802 21*
