2880 5050
240 259 305 326 son
504 256 746 328 concursu
767 243 1038 326 mundanum
1058 239 1113 324 xl.

241 430 325 583 post
351 427 542 496 wambanis
560 424 600 516 15
625 412 789 515 perrupta
819 431 878 495 sne
892 426 956 520 nra
982 417 1116 512 sspirma
1141 417 1218 508 utus
1244 415 1430 491 necem-¹

263 520 326 600 ris,
358 537 411 582 res
436 519 546 581 votiva
573 519 679 605 gaudii
707 528 739 580 et
764 517 836 581 'dies
863 517 988 580 nimium
1017 520 1149 600 optatae
1172 515 1405 600 gratulationis
1429 515 1430 556 l

243 603 394 688 occurrit,
421 603 452 666 in
475 622 535 686 quo
557 605 646 668 nobis
668 603 772 667 datum
796 614 848 668 est
868 605 1054 684 conspicere*
1070 598 1240 684 pariter-et
1264 601 1401 683 deflere,

243 689 316 777 quid
346 691 550 772 lacrymarum
579 689 619 753 da
646 691 823 772 praeteritis
836 687 971 752 'dominu
1000 689 1198 752 deberemus·
1231 687 1402 750 ‘Eruimus

242 777 382 840 nimirum
397 775 431 856 ²)
465 775 627 860 hucusque
653 775 850 857 prolabentis¹
869 777 987 840 saeculi
1009 776 1188 839 colluuione
1216 774 1399 856 instabiles,

243 861 316 946 quia
336 859 455 926 annosa
475 861 575 924 s'erie's
595 859 781 946 temporarii,
808 862 970 926 s'dbtiatta
989 861 1060 925 ldce
1082 861 1307 942 abactionem,
1339 881 1398 922 nou

242 959 307 1013 tam
331 949 409 1012 vitia
432 957 577 1030 auxerat,
605 964 697 1030 quant
725 945 854 1010 matrem
876 947 1009 1010 omniunt
1028 950 1161 1010 errarunt
1182 949 1396 1028 ignerantiam

243 1036 354 1099 ociosis
374 1031 529 1097 mentibus
548 1031 711 1117 ingerebat
727 1031 769 1114 ³).
812 1029 1024 1099 Cernebdlnus
1045 1035 1130 1095 enim
1147 1033 1311 1113 quomodo
1333 1035 1395 1094 Ba·

241 1121 406 1206 bylonicae
431 1117 623 1183 confflsicnis
648 1121 709 1182 olla
735 1123 891 1184 buccensa
917 1126 1003 1185 nunc
1028 1127 1168 1201 tempora
1189 1119 1394 1181 conciliorum

243 1213 414 1288 averteret,
436 1225 518 1269 nunc
538 1205 722 1269 sacerdotes
743 1203 857 1268 domini
879 1203 919 1267 de
942 1204 1135 1284 resolutis⁴)'
1152 1205 1296 1266 motibus
1319 1207 1394 1268 irre-

241 1293 336 1376 tiret3
365 1299 551 1372 purpuratae
580 1295 662 1354 eninr
687 1291 858 1354 meretricis
884 1293 1094 1372 sequebantur
1125 1291 1340 1352 invitamenta
1353 1289 1392 1372 ὅ),

244 1378 317 1460 quia
345 1376 556 1440 ecelesiastici
582 1383 759 1442 conventus
786 1393 848 1439 non
878 1375 986 1439 aderat
1013 1375 1195 1456 disciplina,
1227 1391 1290 1438 nec
1324 1379 1391 1438 era‘t

244 1463 296 1546 qul
318 1461 483 1524 errantium
501 1465 669 1545 corriperet
694 1471 817 1544 partes,
845 1479 916 1525 cum
942 1457 1044 1524 sermo
1070 1461 1195 1523 divinus
1222 1461 1387 1522 haberetur

243 1547 430 1630 extentat),
452 1555 485 1610 et
497 1551 571 1630 quia
590 1561 652 1612 n'ou
673 1558 741 1612 erat
762 1549 990 1614 adunandorum
1010 1547 1190 1628 pantificum
1211 1548 1275 1608 ulla
1290 1565 1383 1624 prae-

243 1635 365 1716 ceptio,
393 1637 559 1698 crescebat
579 1635 610 1696 in
629 1634 732 1715 majus
750 1637 818 1702 vita
836 1634 982 1698 dotation-
1027 1633 1107 1698 Cunr
1133 1631 1264 1696 tandem
1285 1631 1389 1694 diuina

241 1736 301 1784 nos
327 1719 538 1800 clementini)
564 1739 605 1782 ex
631 1721 694 1782 alto
720 1721 892 1801 respiciens
914 1727 948 1782 et
969 1720 1100 1798 tempori
1123 1718 1241 1783 aetatis
1261 1727 1388 1780 nostrae

242 1823 280 1871 se
305 1820 503 1868 occursuram
527 1807 669 1886 praebuit
695 1815 728 1868 et
757 1807 865 1888 saluti,
892 1817 1081 1885 praeparans
1107 1804 1222 1866 nostris
1249 1804 1388 1866 saeculis

242 1889 382 1974 religiosi
401 1893 547 1972 principis
567 1899 703 1954 mentem
724 1891 870 1955 devotam
891 1893 1005 1971 pariter
1024 1898 1060 1952 et
1079 1889 1274 1970 instructam,
1297 1887 1387 1969 cujus

240 1975 380 2040 fervidae
407 1976 622 2040 sollicitudinis
648 1984 724 2038 voto
753 1985 786 2038 et
809 1977 865 2038 lux
890 1977 1089 2040 conciliorum
1110 1982 1262 2040 renovata
1272 1971 1307 2052 18)
1336 1995 1386 2036 re-

240 2060 400 2142 splenduit
432 2070 465 2124 et
492 2063 611 2124 alterna
639 2063 755 2124 caritas
780 2080 816 2123 se
845 2069 951 2124 mutuo
976 2063 1011 2124 ia·
1036 2059 1227 2144 corrigendis
1253 2057 1308 2120 vel
1337 2061 1385 2122 in·

240 2147 397 2210 struendis
422 2149 558 2210 moribus
585 2147 752 2228 excitavit,
780 2145 853 2209 dum
880 2154 914 2210 et
934 2147 1129 2230 aggregandi
1148 2146 1238 2208 nobis
1260 2145 1382 2206 hortatu

239 2232 386 2312 principis
418 2233 557 2316 religiosi
587 2233 723 2296 facultas
750 2241 801 2294 est
828 2232 903 2295 data
930 2242 965 2294 et
992 2241 1164 2313 opportuna
1192 2229 1379 2313 corrigendis

239 2324 423 2398 praeparata
450 2327 502 2382 est
529 2318 707 2400 disciplina,
733 2325 770 2378 ut
791 2318 843 2398 qui
864 2317 1005 2382 decursis
1023 2319 1215 2400 longeante
1234 2316 1375 2394 tempori-

239 2403 300 2470 bus
324 2413 398 2484 post
424 2403 535 2468 decem
561 2413 593 2467 et
620 2412 693 2466 octo
719 2404 843 2468 scilicet
861 2405 1029 2466 labentium
1049 2413 1196 2467 annorum·
1217 2416 1376 2466 excusum

238 2490 270 2554 in
301 2507 396 2552 unum
427 2491 594 2554 meruimus
624 2490 794 2574 aggregari
822 2498 1010 2552 conventum
1022 2535 1032 2570 ,
1069 2489 1188 2554 mederi
1216 2503 1379 2567 possemus

238 2575 369 2656 speciali
382 2572 416 2656 ⁰)
446 2579 549 2660 gratia
578 2577 746 2640 sanitatum
761 2573 824 2654 ¹⁰).
886 2575 1000 2656 Neque
1032 2575 1127 2639 enirn
1143 2585 1293 2638 uumerus
1321 2573 1379 2636 iste

273 2825 301 2894 ¹)
322 2827 462 2879 Wanrdaai
478 2827 516 2878 M.
550 2856 585 2866 -
621 2827 650 2894 2)
666 2827 731 2879 enim
748 2827 785 2878 M.
819 2855 855 2865 -
891 2825 920 2892 ³)
937 2825 1125 2890 Fragmentum
1142 2824 1185 2878 lric
1201 2823 1299 2879 inserit
1315 2829 1381 2881 Har-

307 2897 403 2950 duiaus
425 2913 441 2948 a
463 2913 526 2948 ms:
558 2899 687 2948 Hactenus
709 2899 775 2948 enim
798 2895 928 2958 dotentas
949 2897 1045 2948 domiai
1068 2899 1167 2948 cineam
1189 2896 1380 2950 decantaverunt

304 2969 364 3034 apri
379 2965 539 3034 fraudantem
561 2981 680 3032 sperem
699 2967 807 3029 Obristi,
824 2983 899 3032 qaam
915 2969 956 3016 sui
972 2967 1152 3032 pretiosissimi
1167 2969 1303 3032 sanpuinis
1319 2969 1381 3031 effu-

303 3039 374 3088 sione
391 3037 550 3099 conciliauit,
573 3044 722 3102 consputare
739 3043 764 3086 et
780 3037 894 3101 palluere
912 3045 1004 3086 carrata
1021 3045 1060 3088 cst
1075 3037 1260 3088 donettcoruna
1276 3038 1380 3090 subdola

303 3107 456 3158 machinatio
462 3143 471 3169 ‚
496 3114 521 3156 et
537 3105 711 3156 inconsutilem
727 3105 823 3154 dcarrini
838 3113 930 3156 uestena
947 3107 1075 3170 diuidere,
1095 3111 1217 3158 unitatem
1235 3105 1297 3168 fidei
1313 3111 1380 3159 scin-

304 3177 380 3242 dere,
404 3177 522 3242 caritatis
538 3175 628 3226 toliere
643 3177 769 3248 sentenia,
787 3189 847 3242 ,oum
863 3181 1033 3244 sucxprcprr'o
1050 3177 1215 3244 pertinaciter
1231 3181 1321 3228 sensui
1337 3196 1380 3228 uo-

304 3247 359 3298 lens
381 3237 524 3310 idumeae,
547 3238 637 3299 sacr'ae
659 3246 802 3311 scripturae
820 3241 959 3310 puritatem
980 3261 1043 3298 strae
1057 3247 1194 3312 prauitatis
1211 3235 1380 3312 intelligentia

300 3319 433 3388 profanat.
461 3317 598 3376 Praeterea
614 3323 802 3368 sacrosanctam
820 3317 949 3386 ecclesiam
967 3316 1008 3366 dci
1024 3317 1156 3368 aulana-at
1172 3316 1251 3366 ctiam
1268 3319 1379 3368 naiades

304 3376 374 3454 ejus,
399 3387 442 3453 uui
463 3401 519 3438 cunr
542 3385 659 3438 deberent
681 3385 712 3438 ob
730 3384 864 3452 dipnituta‘s
879 3381 1055 3436 recedentium
1071 3385 1168 3436 ceteros
1184 3397 1232 3450 per
1248 3401 1312 3438 suae
1325 3389 1378 3437 uir-

302 3457 366 3516 tutis
383 3456 550 3508 imitatidne'tn
563 3473 701 3522 prouocare
716 3457 750 3506 ad
767 3455 886 3508 caritatis
897 3457 921 3506 ei
934 3457 1042 3508 acuitatis
1051 3455 1246 3518 obseruarttinttt,
1261 3461 1379 3526 tanquam

301 3527 343 3578 sai
361 3527 516 3590 infatuatum
532 3528 617 3592 potius
633 3527 749 3578 scandali
766 3541 840 3592 priam
862 3525 1047 3591 aedificationis
1067 3527 1129 3578 daut
1145 3527 1298 3590 materiam,
1323 3527 1377 3578 biae

301 3593 458 3648 canentibus
473 3595 594 3662 qraonrodc
612 3596 658 3646 etc.
693 3621 728 3634 -
749 3594 791 3662 ,4)
809 3594 940 3648 dissolutis
955 3593 1022 3661 [om.
1040 3593 1104 3648 roca
1122 3592 1164 3661 dc)
1182 3595 1262 3648 inm.
1279 3596 1317 3648 M.
1341 3625 1375 3634 —

269 3667 298 3739 ὅ)
316 3667 480 3717 incitamenta
497 3663 560 3715 ibid.
594 3693 630 3702 —
648 3675 652 3684 '
672 3663 702 3732 θ)
719 3676 812 3715 anesus
829 3662 892 3716 ibid.
926 3695 962 3704 -
1004 3663 1032 3731 t)
1049 3665 1238 3730 Fragmentum
1252 3665 1302 3718 hoc
1319 3667 1374 3718 loco

300 3736 393 3790 inserit
408 3734 560 3788 Haeduinus
577 3749 592 3786 a
609 3751 683 3786 mss:
710 3734 780 3798 Cant·
791 3735 891 3800 tondent
907 3736 993 3786 diuina
1010 3737 1141 3786 clementia
1158 3737 1244 3801 operis
1259 3752 1373 3786 maaraaaa

300 3821 405 3859 suarum
426 3805 565 3872 perditioni
586 3807 731 3869 conatuiens,
754 3821 836 3870 praua
858 3807 885 3856 in
906 3805 1003 3856 directa
1023 3805 1155 3866 reducens,
1173 3821 1246 3856 suarna
1262 3811 1368 3856 sanctuar

244 3885 262 3942 j
300 3875 415 3929 Sabaoth
430 3877 502 3928 nouis
519 3875 700 3944 propapint'bus
714 3876 859 3944 captantis
873 3875 1008 3940 fecundare
1024 3876 1116 3940 uolens,
1132 3875 1296 3942 aeplipentiuc
1309 3869 1370 3924 enb-

298 3961 393 4011 ropans
409 3941 581 4014 ‘diligentiam²
605 3949 653 4010 pr'o
676 3938 822 4010 ipnbrat'rtia
839 3938 1000 4012 disciplinans
1016 3945 1177 4007 inrutitleas‚'
1191 3950 1240 4010 piru
1257 3943 1373 3996 sarmasia

296 4016 447 4078 ¹solertiam,
471 4030 518 4081 pro
543 4015 678 4065 attentam
699 4011 822 4064 antulerat
844 4009 976 4078 titularem,
991 4027 1048 4075 pro
1071 4015 1373 4081 mantuanensem

297 4086 423 4148 namium
445 4085 570 4150 taranta,
591 4100 640 4149 pro
662 4084 762 4141 caducis
777 4084 923 4148 coelestiane,
938 4085 1065 4146 desideria
1080 4085 1228 4152 intruderet,
1248 4081 1298 4152 pre
1312 4085 1375 4138 ,ter-

297 4156 373 4222 pibus
388 4154 492 4205 bonerto
508 4156 601 4204 sectari
616 4155 762 4220 stinrulans,
780 4169 797 4202 a
813 4155 921 4204 terrenis
938 4161 962 4206 ct
977 4153 1070 4218 infimis
1088 4155 1122 4204 ad
1138 4153 1258 4206 subitaria
1275 4155 1375 4221 erigens

296 4242 344 4277 nos
366 4226 393 4276 in
417 4223 463 4274 bac
485 4225 653 4288 lacrymarum
674 4225 740 4274 ualle
766 4224 853 4288 potius
876 4225 1011 4274 morientes
1031 4239 1106 4290 quun
1127 4225 1252 4288 niueam,
1277 4225 1304 4274 ia
1328 4223 1375 4276 lroc

296 4303 368 4347 uasto
391 4295 560 4361 periuriorum
584 4296 651 4344 arari
674 4300 794 4358 captantes
814 4293 870 4343 sine
885 4295 995 4360 corripe,
1018 4295 1072 4344 sinc
1089 4296 1176 4360 clauo,
1200 4293 1374 4361 duritiaeque

264 4383 266 4388 ·
298 4370 474 4432 tempestatum
495 4360 612 4424 fiuctibus
651 4357 682 4414 er-
700 4361 809 4430 abrupta
828 4359 953 4427 ‘bullicasp
978 4358 1008 4414 ln
1027 4355 1146 4416 maliana
1162 4361 1374 4414 santamente

297 4433 471 4504 constipantes,
494 4431 538 4484 ubi
558 4447 616 4484 nos·
645 4425 1053 4501 reomstairt'l'niile‘disoriatiaa‚'
1068 4429 1316 4500 sacamentum
1331 4439 1374 4484 r'a-

295 4503 407 4558 sidia'tur
422 4501 502 4556 bostis
517 4503 590 4554 mille
604 4495 707 4556 aaran
728 4502 1004 4558 ammirarentur
1029 4505 1144 4570 aetatu
1161 4504 1226 4554 tatii
1241 4500 1372 4555 tltrrtrbilic

293 4576 433 4643 respiciens
453 4577 500 4624 eta
532 4581 582 4615 ‘⁴⁴-
605 4572 804 4640 ·'·¹·)xteoucala
827 4573 868 4624 bl:
908 4598 945 4614 -
968 4603 971 4613 ·
994 4561 1242 4640 apenninas-bu·
1271 4570 1307 4612 „t

240 4645 290 4715 tt)
307 4643 401 4700 mant
414 4639 541 4712 possimus
557 4635 673 4711 spiritati
687 4635 925 4710 pratannainnira
941 4642 970 4700 ia
985 4658 1021 4696 rrr.
1036 4643 1074 4696 M.
1108 4649 1183 4696 aurp-2
1201 4651 1231 4680 ·¹·
1291 4637 1298 4683 l

1147 4729 1165 4774 ,b
1188 4746 1197 4767 ι’
1212 4743 1235 4770 ab
1250 4723 1265 4772 :t
1282 4723 1299 4762 ι·
