2912 5060
205 216 270 284 276
466 211 708 281 ooucmmtr
728 211 1000 282 rotundatur
1011 213 1098 280 vm.

211 383 343 468 octav)
374 390 408 450 et
427 405 492 450 non
511 387 716 468 aaamfietran.
764 381 885 468 Heo²)
910 383 1125 470 indulgentiae
1144 401 1306 450 concessa
1328 384 1373 448 li-

212 475 337 554 centia,
364 474 573 536 miserationis
599 475 699 553 ipsius
726 491 806 552 opus
831 473 1016 554 ingloriosi
1042 470 1189 552 principis
1214 480 1371 551 potesta-

213 558 322 638 tem³)
348 559 534 641 redigimus,
560 566 595 618 ut
617 559 691 639 quia
711 557 791 620 deus
812 557 855 618 illi
875 558 1042 620 miserendi
1062 557 1178 618 editum
1199 557 1370 638 patefecit,

212 644 351 708 remedia
374 645 502 724 pietatis
528 644 598 722 ipse
620 661 744 724 quoque
765 660 827 704 non
847 642 1000 726 deneget,
1031 661 1112 724 quae
1133 643 1179 704 ita
1199 643 1369 723 principali

211 731 401 794 discretione
430 729 591 791 moderata
616 726 850 810 persistent‘),
884 735 920 790 ut
946 737 981 790 et
1006 728 1066 790 illis
1094 729 1135 790 sit
1163 727 1369 808 aliquatenus

210 813 422 878 misericordia
440 815 615 879 contributa
634 821 668 876 et
688 831 843 895 nusquam
863 831 945 896 gens
967 821 1022 875 aut
1040 813 1141 894 patria
1162 831 1217 893 per
1229 813 1366 876 eosdem

211 909 266 964 aut
286 899 454 980 periculum
474 897 692 980 quodcumque
713 899 849 978 perferat
869 906 925 962 aut
940 896 1104 980 jacturam,
1126 896 1207 960 haec
1227 900 1368 962 misera-

210 987 306 1050 tionis
332 986 463 1046 obtentu
489 993 683 1063 temperasse
708 983 855 1046 sufficiat.
895 982 1045 1046 Ceterum
1066 1002 1284 1064 quaecumque
1308 983 1366 1064 ju-

212 1079 353 1136 ramenta
373 1087 428 1149 pro
450 1071 557 1151 regiae
578 1070 745 1148 potestatis
766 1071 870 1132 salute
890 1069 944 1130 vel
970 1069 1183 1132 contutatione
1195 1069 1228 1148 8)
1254 1071 1364 1152 gentis

214 1165 249 1218 et
282 1155 403 1236 patriae
435 1155 488 1215 vel
515 1155 672 1216 hactenus
698 1161 774 1215 sunt
799 1161 915 1216 exacta
942 1155 996 1216 vel
1022 1153 1172 1234 deinceps
1199 1156 1365 1216 extiterint

213 1240 387 1323 exigenda,
409 1239 491 1302 omni
511 1239 658 1302 custodia
677 1239 821 1319 omnique
840 1240 1005 1321 vigilantia
1023 1240 1225 1302 insolubiliter
1246 1239 1364 1302 decer-

212 1329 314 1390 nimus
335 1323 540 1406 observando,
563 1343 582 1386 a
602 1323 804 1388 membrorum
824 1326 1021 1388 truncatione
1040 1327 1211 1404 mortisque
1228 1335 1363 1391 senten·

212 1415 259 1475 tia
286 1411 436 1493 religione
451 1409 486 1489 θ)
513 1410 639 1490 penitus
664 1410 816 1472 absoluta.
835 1465 847 1483 ,,
863 1409 930 1472 Sed
957 1429 999 1472 ne
1026 1429 1188 1490 pravarum
1211 1414 1361 1474 ruentium

211 1505 342 1560 versuta
362 1494 499 1576 nequitia
520 1502 643 1558 nosmet
665 1495 705 1558 ad
726 1486 850 1576 perjurii
869 1495 1055 1576 quandoque
1070 1496 1206 1558 devocet
1226 1497 1361 1578 culpam,

211 1601 273 1648 nec
293 1601 316 1644 a
331 1590 465 1646 sanotae
485 1580 559 1642 lidei
578 1581 687 1664 regula
703 1580 786 1642 hanc
808 1589 930 1644 asserat
946 1583 1054 1642 venire
1075 1582 1274 1662 sententiam,
1295 1592 1362 1644 tam

213 1669 339 1732 divinae
367 1667 563 1729 auctoritatis
587 1667 729 1746 oracula,
758 1685 850 1747 quam
872 1663 1124 1748 praecedentium
1154 1676 1278 1746 patrum
1304 1688 1362 1730 es-

212 1763 300 1820 serta
320 1752 394 1816 huie
412 1749 580 1814 narrationi
599 1751 777 1814 curavimus
798 1752 996 1815 innectenda.
1036 1753 1163 1814 Etenim
1183 1753 1362 1816 incommu-

213 1839 318 1904 tabilis
338 1837 484 1919 idemque
505 1857 630 1916 semper
650 1838 792 1898 existens
818 1837 870 1900 dei
895 1838 1008 1900 sununi
1034 1846 1146 1902 natura
1164 1841 1361 1918 praecellens

213 1945 274 1989 sua
294 1943 393 2004 saepe
413 1925 444 1984 in
470 1923 571 1984 sacris
597 1923 708 1990 litteris
734 1923 848 2004 legitur
875 1932 1018 1986 mutasse
1046 1925 1217 2005 promissa,
1245 1934 1279 1986 et
1306 1943 1360 2005 pro

212 2007 426 2074 misericordia
440 2016 636 2089 temperasse
656 2009 859 2070 seutentiam:
880 2009 1145 2089 undequamlibet
1157 2011 1200 2072 sit
1212 2010 1362 2091 impassi-

212 2098 284 2161 bilis
310 2103 406 2176 atque
432 2095 630 2156 immutabilis
655 2093 737 2154 idem
764 2093 890 2172 quidem
908 2093 941 2172 a)
973 2093 1093 2157 deitate
1109 2094 1143 2173 ⁸)
1175 2095 1359 2176 firmissima,

212 2184 321 2246 crebro
343 2189 446 2241 tamen
473 2177 542 2259 ejus
569 2187 603 2240 et
625 2175 802 2257 juramenta
821 2179 969 2262 leguntur
998 2188 1032 2242 et
1058 2182 1251 2262 poenitentia
1277 2201 1358 2262 quae

211 2269 313 2333 sacris
334 2272 445 2328 extent
471 2264 629 2347 mysteriis
657 2262 807 2348 adoperto
823 2263 867 2343 ⁹).
930 2266 1042 2328 Jurere
1071 2285 1205 2346 nemque
1232 2267 1283 2330 dei
1307 2273 1358 2328 est

212 2373 233 2418 o
253 2372 290 2415 se
311 2353 380 2431 ipso
400 2351 577 2412 nullatenus
598 2348 738 2411 ordinata
759 2351 947 2432 convollere,
970 2351 1131 2431 poenitere
1151 2370 1227 2412 vero
1250 2351 1359 2414 eadem

211 2438 353 2502 ordinata
381 2455 452 2498 eum
480 2436 614 2496 voluerit
640 2434 810 2496 immutare.
861 2435 918 2498 Sic
946 2437 1027 2498 eninr
1048 2437 1359 2517 perderemiam10)

210 2525 306 2588 dicit:
336 2522 481 2604 Repente
508 2519 619 2604 loquar
644 2521 793 2582 αάεενειιε
820 2527 948 2601 gentem
975 2528 1009 2582 et
1039 2522 1190 2584 adversus
1219 2543 1361 2605 regnoara,

210 2617 250 2672 at
269 2608 429 2670 eradicem
450 2614 484 2670 et
505 2607 665 2667 destruam
686 2612 719 2666 et
739 2605 919 2686 disperdam
946 2605 1045 2680 illua·
1071 2609 1103 2668 ai
1123 2611 1360 2689 poenitentiam

210 2695 317 2776 egerit
345 2711 424 2774 gerra
451 2691 510 2752 illa
536 2693 623 2769 a¹¹)
650 2689 817 2752 malo'sao
846 2692 930 2772 quod
953 2690 1075 2754 locutas
1107 2713 1176 2754 sam
1210 2695 1360 2756 adamas

212 2799 300 2858 eam,
321 2797 417 2858 agona
437 2783 470 2838 et
492 2795 550 2857 ego
565 2776 801 2858 poenitentiam
820 2795 915 2858 saper
933 2779 1034 2851 analo,
1056 2778 1139 2859 qaod
1159 2781 1303 2860 cogitavi
1323 2787 1360 2842 at
1433 2809 1434 2820 ι

205 2867 351 2946 jacerem
379 2863 420 2922 ei.
471 2863 513 2923 ldt
544 2881 599 2938 per
624 2862 823 2924 Ezechielem
839 2861 911 2938 Η);
946 2859 987 2922 St
1007 2863 1117 2924 dinero
1139 2865 1248 2944 jurato,
1278 2865 1361 2946 quod

209 2951 283 3012 cita
304 2949 395 3008 mont
417 2952 449 3006 et
470 2949 604 3026 confisos
625 2947 660 3009 in
674 2944 727 3024 18)
749 2947 886 3027 justitia
913 2967 972 3010 soa
991 2949 1114 3027 secent
1143 2951 1359 3031 iniquitatem,

211 3053 319 3098 omnes
342 3032 498 3110 justitiae
527 3033 595 3112 ejus
623 3031 775 3094 odlioicni
804 3033 992 3107 tradentur,
1025 3041 1058 3094 et
1087 3035 1261 3118 iniquitate
1291 3055 1360 3110 aaa,

211 3139 306 3204 paeana
327 3123 474 3199 oprerotaa
496 3125 563 3192 est,
585 3120 711 3198 inipso
732 3119 906 3190 morinum
932 3118 964 3176 si
984 3125 1090 3180 antem
1111 3121 1221 3182 dinero
1243 3122 1361 3204 inquio:

211 3205 317 3270 Morte
344 3204 488 3266 morieris
499 3223 512 3278 ,·
540 3205 702 3284 etegerit
724 3204 960 3284 poenitentiam
989 3223 1010 3264 a
1031 3215 1168 3284 peccato
1189 3225 1262 3282 sno,
1290 3208 1360 3266 nita

212 3294 301 3352 aiom
328 3296 362 3351 et
387 3308 451 3350 non
479 3291 642 3350 morietur.
685 3289 722 3349 Si
748 3307 823 3370 ergo
847 3296 953 3350 nostra
973 3293 1138 3352 conversio
1158 3291 1207 3352 sic
1224 3291 1360 3352 divinam

121 3443 126 3458 Ι
211 3383 313 3436 mutat
331 3375 537 3456 sententiam,
560 3392 615 3436 cur
633 3374 813 3436 miserorum
835 3380 942 3434 tantae
961 3373 1120 3455 lacrymae
1140 3376 1193 3438 vel
1214 3393 1361 3454 pressura

209 3470 276 3522 tam
314 3457 441 3520 crudam
478 3479 541 3521 non
579 3466 733 3538 temperet
750 3456 810 3537 Η)
847 3477 890 3520 ex
925 3458 1124 3524 miseratione
1161 3455 1360 3522 vindictam?

209 3545 294 3608 Hinc
329 3545 425 3604 etiam
457 3546 571 3625 populo
606 3543 777 3604 Israelitieo
808 3559 906 3623 saepe
939 3544 1016 3606 ultio
1042 3545 1197 3624 promissa
1221 3563 1361 3625 suspen-

209 3630 309 3710 ditur,
337 3637 371 3690 et
395 3630 603 3692 Ninivitamm
629 3627 760 3708 perditio
784 3623 910 3692 divinae
938 3629 1114 3694 sententiaa
1133 3631 1360 3712 permutatione

201 3715 342 3781 sedatur.

210 3907 410 3932 Μ

248 4038 278 4108 ¹)
294 4040 352 4090 uolo
370 4037 398 4090 in
417 4053 450 4089 m.
466 4031 640 4087 lit-Hos.
655 4033 687 4096 d,
705 4033 731 4086 o.
764 4029 906 4098 Maltino,
926 4031 968 4088 13.
1003 4061 1038 4074 -
1083 4031 1221 4101 impp,
1254 4063 1290 4076 ..

242 4110 272 4179 a)
289 4115 415 4178 poemate
431 4108 469 4159 M.
491 4133 527 4144 --
562 4102 592 4168 ⁴)
608 4105 748 4170 persistunt
764 4103 802 4154 M.
825 4129 861 4141 -
902 4101 931 4169 a)
948 4106 1147 4184 contractatione
1164 4105 1191 4159 in
1211 4114 1245 4169 t,
1264 4107 1359 4158 comti-

277 4181 376 4230 tuta'one
395 4176 423 4228 in
440 4194 475 4229 m.
492 4175 529 4228 Μ.
564 4199 599 4212 -
635 4171 665 4240 ο)
680 4174 832 4238 relipotione
847 4171 895 4234 A„
914 4178 941 4226 et
957 4189 985 4225 ιιι
1003 4191 1037 4226 ιιι.
1052 4175 1091 4228 Μ.
1125 4203 1158 4216 ·-·
1206 4176 1235 4241 t)
1252 4177 1359 4234 tdemtt-

276 4249 332 4301 dern
353 4248 391 4299 M.
436 4275 485 4353 -·⁹
524 4239 553 4358 ὅ)
577 4241 644 4292 idem
664 4243 764 4306 quidem
783 4241 940 4352 ejappeorqne
961 4244 1067 4296 deitota'a
1090 4244 1149 4296 licet
1165 4245 1218 4296 aiot
1235 4245 1306 4297 dieto
1329 4245 1358 4297 in

273 4318 366 4508 :elegi
382 4311 541 4514 munli-,1
552 4311 820 4502 ἶῗῖἶῆΕῗῙεεὴὲ-Ξὸ,
836 4311 981 4501 Ἰἰῗῖἷῗέιῃι
995 4315 1051 4506 Ξ,
1072 4313 1357 4448 Ἱῑηῦξευῖυεηιιιέῃὶς

203 4503 207 4510 .
273 4473 307 4508 m·
355 4481 432 4506 ο“““
542 4464 836 4518 p'msaemper
897 4465 977 4504 mm·
1027 4481 1103 4503 ι·-

1412 127 1415 242 1
