2912 5060
380 269 622 344 cunctorum
644 272 915 352 TOLE'I'ANUM
937 278 975 340 V.
1188 273 1255 351 247

89 443 191 510 modo
219 441 409 524 quibuslibet
423 437 457 523 ι)
486 441 579 506 rebus
605 441 900 523 spreta-dilectione
921 445 1144 529 molestentur,
1168 446 1253 514 haee

91 532 183 594 enim
203 526 452 614 licentiaefficit
472 536 507 590 et
525 527 682 608 principes
702 529 734 592 io
755 527 908 611 subjectis
926 542 1097 613 suspectos
1117 540 1152 594 et
1171 532 1251 596 sub·

88 617 203 699 jectos
223 615 254 676 in
276 614 366 676 bonis
381 613 550 694 principum
568 612 708 694 cupidos.
740 613 895 694 Quocirca
915 637 958 680 ne
977 619 1058 680 haec
1077 619 1252 700 praemissa

93 708 289 765 temerentur
300 697 335 776 ²)
363 706 396 760 et
419 706 454 759 ut
474 695 630 778 cupiditas
644 699 740 764 ‘radix
761 702 895 764 omnium
916 704 1064 766 malorum
1085 703 1249 786 auferatur,

93 794 310 852 contestamur
345 801 455 846 omnes
481 791 669 864 praesentes
696 793 728 847 et
757 787 907 852 absedtes
935 789 989 854 vel
1018 785 1250 854 etism'nuuris

95 873 289 954 temporibus
313 869 546 950 subsequentes
573 888 677 932 coram
703 868 763 932 deo
793 881 826 934 et
852 874 975 956 angelis
1001 873 1087 956 ejus,
1116 873 1249 956 quodsi

93 961 263 1042 quisquam
299 964 426 1018 nostrae
460 953 699 1018 contestationis
719 956 754 1035 3)
788 965 954 1034 temerator
986 960 1124 1024 extiterit
1139 968 1250 1042 atqua
1363 1029 1367 1042 Ι

95 1052 295 1124 contemptor
307 1041 342 1119 ⁴)
375 1049 409 1102 et
438 1053 634 1122 quacumque
661 1045 929 1124 argumentatione
958 1045 1069 1109 odiose
1095 1063 1153 1108 cos
1177 1063 1249 1110 mo·

95 1134 216 1206 lestare
238 1138 292 1192 aut
311 1128 342 1188 io
363 1126 465 1208 aliquo
480 1126 513 1206 ὅ)
536 1126 628 1188 fuerit
647 1136 782 1190 conatus
801 1129 941 1212 laedere,
968 1132 1011 1194 sit
1030 1132 1196 1197 anathema
1216 1133 1248 1194 in

96 1217 344 1281 Christianomm
370 1213 505 1274 omnium
531 1221 626 1274 coetu
647 1220 742 1293 atque
763 1233 897 1294 aupemo
918 1216 1142 1282 condemnetur
1161 1215 1249 1298 judi-

96 1305 166 1383 cio,
187 1304 230 1369 sit
251 1298 474 1380 exprobrabilis
495 1298 638 1360 omnibus
658 1299 822 1362 catholicis
843 1309 876 1364 et
897 1301 1109 1368 abominabilis
1128 1303 1251 1367 sanctis

97 1388 224 1471 angelis
245 1387 276 1450 iu
296 1384 466 1446 ministerio
481 1382 533 1446 dei
554 1383 742 1464 constitutis,
763 1386 807 1456 sit
826 1387 858 1448 in
879 1387 940 1448 hoc
961 1389 1090 1452 saeculo
1109 1387 1248 1467 perditus

97 1483 132 1536 et
153 1476 184 1534 in
205 1473 305 1535 futuro
325 1467 568 1553 condemnatus,
597 1470 671 1550 quia
683 1469 718 1550 6)
745 1479 809 1534 tam
836 1481 943 1536 rectae
963 1473 1132 1555 provisioni
1150 1473 1249 1536 noluit

96 1560 465 1641 praebere-consensum.
647 1638 691 1700 ΠΙ
1010 1583 1015 1594 ·

186 1724 359 1807 lnexpertis
380 1731 414 1785 et
434 1723 525 1786 novis
546 1722 661 1786 morbis
680 1742 794 1787 novam
812 1726 906 1790 decet
926 1729 1064 1790 invenire
1079 1725 1248 1790 medelam:

98 1803 286 1898 quapropter
314 1808 458 1890 quoniam
470 1807 503 1887 ⁴)
522 1807 759 1894 „inconsiderate
772 1809 806 1890 8)
839 1807 1037 1893 quorumdam
1064 1823 1188 1876 mentes
1215 1823 1249 1876 et

99 1921 137 1964 se
160 1899 284 1964 minime
304 1895 482 1974 capientes,
508 1911 589 1976 quos
610 1912 671 1958 neo
691 1897 779 1978 origo
801 1906 889 1973 ornat
910 1918 970 1962 nec
991 1900 1090 1962 virtus
1109 1897 1247 1978 decorat,

99 1987 218 2066 passim
230 1983 264 2062 ἢ)
290 1988 401 2062 putant
421 1980 551 2042 licenter
564 1980 620 2059 ¹⁰)
641 1980 681 2044 ad
702 1983 809 2064 regiae
830 1985 998 2063 potestatis
1011 1989 1020 2024 ¹
1032 1984 1064 2062 ¹)
1086 1985 1249 2065 pervenire

100 2071 236 2153 lastigie,
257 2065 349 2146 hujus
370 2066 414 2126 rei
433 2083 535 2128 causa
555 2075 660 2128 nostra
681 2067 818 2130 omnium
837 2087 908 2132 oum
930 2071 1128 2132 invocatione
1143 2069 1249 2133 divina

98 2156 248 2239 profertur
269 2153 441 2232 sententia,
471 2158 506 2212 ut
526 2151 668 2232 quisquis
680 2151 734 2231 12)
755 2153 829 2214 talia
848 2155 1017 2218 meditatus
1036 2156 1136 2236 mont,
1156 2173 1250 2236 quom

100 2262 160 2306 uec
180 2241 292 2304 electio
315 2238 449 2298 omnium
471 2234 695 2316 provehit¹³),
717 2257 778 2299 nec
800 2237 957 2302 Gothicae
978 2243 1084 2323 gentis
1104 2242 1249 2304 nobilitas

101 2328 245 2392 adhunc
264 2324 390 2387 honoris
411 2323 532 2402 apicem
554 2322 655 2402 trahit,
677 2323 720 2384 sit
740 2343 760 2384 a
777 2327 933 2388 consortio
949 2323 1169 2391 catholicorum
1183 2327 1249 2409 pri-

99 2420 195 2477 vatus
214 2420 247 2475 ot
268 2409 371 2476 divino
392 2407 592 2470 armthemate
613 2406 848 2472 condemnatus.

645 2543 692 2606 lV

186 2631 272 2714 Ergo
304 2633 377 2712 quia
405 2639 439 2694 et
468 2629 609 2714 religioni
635 2627 790 2692 inimicum
817 2637 851 2691 et
878 2631 1019 2693 omnibus
1038 2631 1091 2711 Η)
1124 2622 1250 2694 constat

102 2736 176 2782 esse
197 2719 448 2798 superstitiosum
461 2717 516 2794 15)
536 2717 647 2778 futura
674 2715 782 2778 illicite
803 2715 996 2794 cogitareet
1017 2735 1113 2779 casus
1133 2719 1250 2798 princi-

103 2823 174 2886 pum
201 2803 363 2884 exquirere
390 2821 430 2866 ac
457 2803 517 2863 sibi
546 2804 577 2862 in
605 2809 764 2882 postemm
790 2801 968 2885 providere,
1002 2821 1072 2864 cum
1100 2805 1249 2884 scriptum

102 2891 163 2952 sit:
192 2886 275 2956 Non,
287 2894 336 2950 est
357 2895 495 2951 oestrum
516 2907 608 2950 nosce
629 2891 771 2970 temporo
791 2885 843 2948 vel
862 2895 1035 2964 momenta,
1057 2908 1137 2974 quoe
1150 2895 1250 2972 pater

103 2977 139 3037 ia
158 2975 344 3056 cooperuit
359 2981 525 3056 potestate
538 2971 615 3051 1(’).·
635 2973 697 3034 hoc
718 2970 845 3033 decreto
866 2989 1043 3054 censemus,
1060 2983 1095 3035 ut
1110 2975 1251 3056 quisquis
1330 3026 1333 3031 .

104 3065 250 3124 inventus
277 3059 372 3120 fuerit
397 3059 472 3120 talia
496 3058 688 3140 perquisisse
718 3064 750 3117 et
777 3058 906 3120 vivente
932 3061 1070 3139 principe
1100 3061 1131 3122 in
1158 3059 1258 3140 alium,

105 3143 278 3209 attendisse
304 3163 359 3224 pro
385 3143 488 3208 futura
515 3145 604 3228 regni
630 3161 689 3223 spe
715 3140 778 3203 aut'
795 3143 873 3204 alios
895 3143 925 3204 in
946 3162 983 3206 se
1003 3153 1127 3226 propter
1146 3143 1178 3206 id
1200 3138 1251 3228 a'tf

103 3231 256 3312 traxisse,
286 3248 306 3291 a
333 3240 491 3292 conventu
518 3229 738 3294 catholicorum
766 3229 1094 3292 excommunicationis
1120 3238 1252 3293 senten-

67 3382 71 3390 „
105 3319 146 3382 tia
167 3314 415 3400 expellaturss).
658 3397 690 3458 V

190 3485 257 3548 Sed
279 3493 313 3544 et
333 3484 395 3546 hoc
416 3503 471 3564 pro
494 3473 719 3564 pestilentiosis
740 3481 896 3542 hominum
917 3483 1119 3562 moribos¹⁸J
1140 3485 1255 3548 salubri

106 3571 327 3636 deliberatione
347 3567 402 3646 ¹⁹)
434 3586 627 3649 censemus,
663 3587 704 3628 ne
731 3567 802 3648 quis
830 3569 860 3628 in
887 3569 1055 3649 principem
1089 3569 1256 3633 maledicta

107 3662 278 3737 congerat,
298 3653 448 3730 scripturo
476 3663 526 3716 est
547 3655 628 3716 enim
657 3671 677 3712 a
704 3652 902 3734 legislatore:
939 3653 1120 3735 Principem
1141 3655 1256 3738 populi

107 3743 157 3805 tui
177 3759 218 3803 ne
238 3736 530 3819 nwledioeria²⁰lr
553 3737 686 3821 quodsi
707 3739 778 3818 quis
799 3738 917 3820 fecerit,
937 3739 1256 3808 excommunicatione

141 3823 143 3841 .
854 3827 867 3852 .
1131 3827 1139 3841 .

109 3913 308 3934 m

144 4025 172 4134 ς)
191 4011 339 4143 ἶιέθιιζιέῖτῐιΐιιιῗῐ.
357 4023 452 4146 ΜΜ-
489 4025 519 4093 ²)
539 4027 662 4146 precepero
677 4041 709 4074 rte
725 4030 751 4142 op
767 4024 910 4144 purpenris‘prr
926 4013 1117 4146 cpulentaMrralur
1132 4010 1160 4078 in
1175 4030 1259 4138 rip-lll-

142 4093 274 4238 ‘)uiipml
294 4109 391 4214 idon}-
414 4131 457 4230 dl)
473 4097 611 4218 dominici
623 4110 668 4232 ‘dicti
678 4109 844 4228 'dim-[mpii
861 4109 1098 4230 qniiianatpicniin
1116 4135 1155 4218 ιιι.
1167 4098 1258 4220 Μ.Ψ

144 4229 173 4300 ⁸)
191 4231 396 4286 inconsideratae
421 4234 460 4286 Μ.
506 4263 541 4300 -.
593 4235 626 4301 θ),
639 4234 683 4302 uui
699 4233 796 4298 poesim
818 4230 844 4284 in
866 4250 899 4284 m.
918 4233 953 4286 M.
988 4245 1023 4273 -·-
1073 4237 1122 4303 1⁰)
1140 4237 1259 4292 ibente-

176 4317 223 4366 qne
238 4301 277 4352 M.
317 4329 353 4340 -
394 4301 444 4369 ιι)
462 4303 605 4371 orbiculatis
622 4305 653 4355 G.
670 4302 747 4368 llisp.
765 4301 882 4366 (praeter
899 4305 931 4354 t.
949 4308 975 4356 et
993 4303 1090 4372 lta),
1108 4310 1136 4357 et
1151 4307 1188 4358 Μ.
1224 4337 1259 4350 -—-

142 4371 191 4436 ιι)
203 4378 231 4422 ot
242 4373 286 4438 qni
297 4371 343 4434 nt,
351 4379 380 4424 ut
390 4375 414 4424 si
426 4378 483 4439 orris
496 4376 523 4426 in
538 4392 574 4429 m.
586 4375 622 4426 Μ.
641 4404 675 4413 --
704 4371 753 4436 ¹³)
770 4371 862 4434 molat
875 4371 902 4424 in
915 4377 998 4438 textu,
1009 4375 1126 4439 prospicit
1138 4374 1166 4427 in
1178 4395 1212 4431 m.
1222 4379 1259 4432 Μ.

143 4437 191 4504 ¹⁴)
207 4439 349 4492 bonrinilme
363 4443 409 4494 AE.
428 4444 482 4494 BR.
502 4444 570 4496 lat.
588 4445 620 4496 U.
640 4443 682 4506 G,
700 4443 728 4490 et
744 4441 782 4492 Μ.
809 4471 844 4481 -
878 4444 927 4509 ¹⁵)
943 4445 1112 4508 perstitimus
1128 4445 1156 4498 io
1172 4463 1207 4500 m.
1223 4449 1259 4500 Μ.

146 4507 194 4576 ¹⁶)
213 4508 395 4575 Actor·.l,i.
439 4543 470 4552 -
525 4514 573 4579 Η)
590 4513 730 4578 repellatur*
747 4509 792 4560 AE'·
811 4511 866 4566 BR.
884 4513 915 4566 lt.
929 4513 955 4566 4.
975 4515 1014 4576 G,
1032 4520 1060 4566 et
1076 4516 1115 4570 Μ.
1148 4543 1183 4556 ·-·

144 4577 193 4642 1⁸)
212 4579 307 4630 artorbis
324 4581 351 4632 io
370 4598 405 4633 m.
424 4583 460 4634 ill.
497 4611 532 4622 -
573 4583 622 4650 Η)
639 4579 800 4634 ordinatione
817 4581 873 4634 BR.
890 4583 923 4633 ll·
935 4583 960 4633 t.
978 4585 1010 4636 Τ.
1025 4584 1049 4635 l.
1062 4586 1148 4650 ²·,tet
1164 4586 1201 4638 Μ.
1225 4614 1260 4624 -

105 4717 109 4726 Ι
144 4647 470 4718 minocentaurum
490 4681 525 4692 -
544 4651 628 4710 Exad.
645 4654 692 4716 22,
712 4649 754 4702 28.
773 4651 830 4704 Act.
850 4655 898 4715 23,
916 4651 940 4706 5.
