2880 5050
125 317 142 334 a
218 265 284 338 324
486 255 727 338 cononum
748 267 1021 338 TOIAE'PANUM
1038 271 1108 338 llll.

305 527 458 609 Majomm
478 526 722 590 institutionibus
743 528 896 592 contraire
918 535 952 590 et
975 534 1153 592 smctonrn
1170 533 1310 610 patrum
1336 529 1404 592 de-

223 623 311 680 oreta
348 613 526 678 convellere
563 612 638 695 quid
668 612 751 676 aliud
787 621 859 695 est,
896 631 989 694 qnam
1019 613 1179 676 vinculum
1210 615 1402 678 societatis

223 699 342 765 Christi
360 700 557 780 abrumpere,
579 707 613 761 et
632 707 802 780 usurpatae
822 699 1084 780 praesumptionis
1098 698 1130 778 ¹)
1155 699 1292 762 licentia
1319 710 1400 764 sta-

223 793 290 850 tum
316 786 415 848 totius
441 784 600 848 ecelesiae
625 779 810 865 dissiparet
852 785 1070 866 Prosequente
1089 783 1187 868 igitur
1203 787 1396 850 venerabili

222 881 256 935 et
282 869 482 934 sanctissimo
509 868 576 930 viro
606 868 701 932 tratre
727 877 835 932 nostro
861 869 1024 952 Stephano
1050 871 1261 936 Emeritensis
1293 872 1394 936 sedis

222 958 390 1038 episcopo,
419 971 471 1018 res
492 955 582 1016 nobis
602 953 746 1016 uoveboe
773 955 1037 1036 praesumptionis
1064 957 1274 1036 usurpatione
1313 977 1396 1020 sese

221 1043 325 1104 intulit
352 1039 587 1122 pertractanda,
615 1047 703 1101 tanto
730 1039 956 1102 communionis
984 1048 1111 1104 nostrae
1138 1041 1261 1122 judicio
1290 1045 1391 1106 evel-

223 1127 318 1190 lenda
329 1127 383 1208 ²),
405 1134 520 1208 quanto
542 1133 575 1187 et
595 1125 728 1206 privatis
747 1126 888 1188 noscitur
907 1127 1037 1190 ausibus
1056 1135 1252 1208 perpetrata.
1293 1129 1391 1192 Dixit

223 1215 306 1276 enirn
327 1211 477 1274 violentia
497 1210 659 1293 principali
678 1229 716 1272 ae
736 1210 903 1290 impulsum
922 1211 1037 1293 titisse,
1065 1219 1101 1274 ut
1126 1213 1159 1274 iu
1183 1216 1389 1278 monasterio

208 1299 347 1361 'villulae
367 1297 485 1378 Aquis,
511 1296 608 1375 ubil)
635 1297 814 1359 venerabile
841 1313 955 1378 eorpus
983 1298 1176 1360 sanctissimi
1200 1299 1340 1362 Pimenii
1351 1298 1386 1380 ⁴)

222 1383 413 1446 confessoris
443 1382 547 1446 debito
576 1381 711 1463 quiescit
739 1382 873 1463 honore,
901 1401 1015 1446 novam
1038 1383 1231 1466 episcopalis
1250 1385 1382 1447 honoris

221 1468 444 1532 ordinationem
473 1467 623 1530 efficeret.
680 1467 724 1530 Εἰ
755 1467 827 1530 ideo
859 1469 932 1548 quia
963 1467 1131 1532 indiscreto
1163 1478 1198 1530 et
1230 1469 1372 1532 facillimo

223 1573 360 1618 assensu
380 1552 504 1634 injustis
515 1553 549 1633 ⁵)
564 1552 724 1614 Wambac
745 1553 892 1633 principis
908 1551 1102 1632 jussionibus
1123 1572 1240 1636 parens
1256 1572 1373 1616 nouam

224 1649 258 1704 et
279 1638 425 1720 injustam
446 1639 509 1702 illio
529 1637 716 1718 pontificalis
737 1638 824 1700 sedis
844 1638 1108 1718 praeelectionem
1122 1638 1156 1718 ⁶)
1171 1639 1307 1721 induxit,
1323 1640 1379 1702 ubi

223 1727 376 1790 canonica
394 1724 548 1786 institutio
571 1722 602 1786 id
623 1722 691 1784 fieri
711 1723 886 1786 omnimoda
908 1725 1029 1786 ratione
1051 1725 1172 1807 refellit,
1193 1726 1380 1806 praedictus

224 1811 309 1875 idem
336 1811 385 1872 vir
409 1817 584 1890 prostratus
612 1807 707 1870 humo
734 1809 940 1872 medicamine
956 1807 990 1888 τ)
1023 1811 1120 1874 nostri
1147 1812 1317 1891 praecepti
1347 1819 1381 1874 et

222 1898 283 1960 sibi
303 1895 370 1960 dari
389 1896 513 1958 veniam
534 1894 646 1976 petiit,
675 1901 708 1956 et
734 1893 809 1976 quid
833 1895 1030 1975 potissimum
1055 1895 1123 1957 fieri
1148 1905 1314 1976 oporteret
1342 1897 1381 1960 dc
1427 1897 1428 1980 ζ

220 2001 355 2065 persona
388 1979 458 2060 ejus
486 1981 539 2062 qui
566 1979 639 2041 illic*
655 1978 814 2041 ordinatus
844 1981 945 2042 fucum
956 2026 967 2062 ,
1000 1981 1100 2045 nostri
1127 1981 1190 2044 oris
1214 1984 1381 2045 sententia

221 2065 450 2132 decernendum
479 2065 633 2146 poposcit.
675 2063 743 2126 Sed
773 2063 845 2146 quia
873 2068 1029 2128 veraciter·
1041 2109 1052 2145 ,
1082 2067 1143 2128 imo
1170 2069 1378 2130 communiter

220 2169 408 2214 noveramus
429 2150 622 2230 praedictum
641 2149 813 2228 principem
832 2152 961 2212 consilio
981 2151 1121 2214 levitatis
1142 2161 1293 2234 agentern
1312 2173 1374 2214 non

222 2237 323 2302 solum
352 2235 578 2317 praecepisse,
614 2241 649 2296 ut
676 2233 709 2296 in
736 2233 898 2315 praedicto
924 2235 995 2298 loco
1022 2237 1125 2317 Aquis
1140 2236 1174 2316 ⁸)
1204 2239 1370 2318 episcopus

220 2322 320 2404 beret,
341 2321 516 2384 sedetiam
537 2322 581 2384 ita
602 2319 720 2399 cumi)
742 2322 906 2382 consuetis
928 2321 1189 2386 obstinationibus
1213 2323 1371 2405 definisse,

221 2417 257 2472 ut
277 2409 330 2471 hic
351 2408 383 2470 in
404 2407 549 2470 suburbio
570 2407 724 2468 Toletano
753 2407 784 2468 in
808 2407 947 2470 ecclesia
967 2409 1171 2488 praetoriensi
1192 2419 1375 2472 sanctornm

220 2495 307 2558 Petri
328 2502 361 2555 et
382 2493 472 2556 Pauli
493 2493 676 2573 episcopum
697 2490 868 2575 ordinaret,
896 2511 957 2556 nec
983 2513 1046 2556 uon
1074 2502 1107 2554 et
1135 2493 1167 2554 in
1196 2495 1268 2557 aliis
1293 2497 1376 2558 vicis

221 2581 274 2646 vel
294 2579 409 2641 villulis
433 2579 574 2640 similiter
600 2579 740 2640 iaceret:
768 2577 839 2640 ideo
867 2597 922 2659 pro
944 2586 1010 2642 tam
1031 2577 1175 2640 insolenti
1196 2579 1374 2660 hujusmodi

220 2663 524 2741 disturbationis10)
553 2664 699 2762 licentia,
727 2663 800 2744 quid
827 2662 954 2726 dehac
980 2664 1192 2727 rehaberent
1218 2683 1373 2730 canonum

220 2753 365 2814 destituta
384 2750 416 2812 in
436 2747 538 2811 medio
558 2749 685 2830 protem
706 2750 931 2830 praecepimus

305 2837 395 2898 'lunc
424 2834 506 2898 haec
536 2835 569 2896 in
595 2833 733 2896 ordinem
764 2836 936 2896 constituta
951 2831 1005 2914 11)
1038 2835 1180 2917 perlecta
1210 2843 1305 2898 sunt:
1341 2836 1371 2896 in

221 2921 328 3001 primis
350 2940 391 2982 ex
411 2919 544 3000 epistola
563 2918 670 2999 Pauli,
698 2919 751 2982 ubi
772 2921 844 2982 'lito
866 2919 1037 3001 discipulo,
1067 2929 1104 2982 ut
1125 2921 1295 3002 episcopos
1316 2941 1371 3002 per

221 3006 369 3070 civitates
396 3006 587 3066 constituere
616 3003 756 3085 debeat,
790 3006 943 3086 praecipit
959 3004 1033 3088 ¹²];
1066 3006 1142 3068 item
1167 3026 1209 3068 ex
1236 3007 1369 3068 coneilio

221 3093 366 3153 Nicaeno
388 3091 478 3152 titulo
500 3097 631 3171 octavo,
652 3089 705 3150 ubi
724 3090 805 3152 inter
825 3099 934 3154 cetera
953 3091 1157 3172 praecipitur,
1178 3099 1214 3152 ut
1234 3091 1268 3153 in
1289 3092 1370 3154 civi-

221 3185 288 3240 tate
309 3195 371 3238 non
391 3175 558 3238 videantur
578 3173 638 3236 duo
661 3175 803 3256 episcopi
825 3194 919 3258 esse;
940 3176 1016 3238 item
1037 3196 1079 3238 ex
1099 3175 1231 3240 concilio
1252 3176 1370 3240 Laodi-

220 3281 300 3328 tteno
329 3262 418 3324 titulo
445 3258 704 3344 quinquagesimo
730 3269 823 3322 sexto
840 3260 909 3344 13),
936 3261 990 3324 ubi
1016 3260 1112 3326 dicit:
1144 3263 1218 3326 Non
1246 3270 1368 3344 oportet

221 3350 253 3412 in
273 3349 356 3410 vicis
377 3356 410 3410 et
428 3347 544 3420 villulis
564 3349 733 3427 episcopos
753 3346 894 3427 ordinari,
918 3354 952 3408 et
974 3356 1098 3430 cetera3
1128 3347 1204 3408 item
1227 3367 1270 3408 ex
1291 3367 1369 3409 con-

132 3443 134 3447 '
220 3434 291 3495 cilio
319 3432 445 3494 Africae
472 3431 613 3495 secundo
642 3432 731 3492 titulo
762 3432 868 3514 quinto
879 3476 890 3514 ,
919 3431 973 3494 ubi
1000 3432 1094 3494 dicit:
1128 3431 1172 3494 Ut
1200 3431 1366 3512 dioecesis,

220 3537 302 3600 quae
323 3518 507 3598 episcopum
527 3535 684 3597 nunquam
704 3517 824 3597 hebuit,
845 3536 907 3578 uon
927 3518 1052 3580 hebeat.
1085 3517 1179 3578 It'elix
1200 3519 1366 3600 episcopus

220 3603 449 3666 Selemsitauus
462 3600 516 3681 14)
545 3601 642 3664 dixit:
677 3602 781 3664 Etiam
803 3601 831 3664 si
852 3602 914 3666 hoo
934 3603 1040 3686 placet
1060 3603 1221 3666 sanctitati
1240 3613 1366 3666 vestrae

219 3689 357 3769 insinuo,
379 3697 416 3750 ut
436 3687 611 3760 dioeceses,
634 3704 892 3768 quae-nunquam
914 3689 1081 3770 episcopos
1101 3689 1283 3770 habuenrnt,
1303 3707 1365 3750 uon

217 3775 369 3853 habeant,
389 3773 443 3836 vel
464 3773 516 3835 illa
536 3771 704 3854 dioecesis,
725 3791 807 3854 quae
827 3772 991 3854 aliquando
1012 3773 1135 3854 babuit,
1156 3774 1272 3838 babeat
1288 3791 1362 3854 pro·
1423 3831 1424 3848 ἶ

217 3863 324 3941 prium.
353 3857 534 3924 Secundum
555 3867 661 3922 autem
681 3860 763 3922 hauc
780 3859 1031 3941 prosecutionem
1044 3859 1227 3926 sanctitatis
1240 3865 1356 3924 vestrae

255 4095 283 4164 1)
301 4099 488 4164 praeceptionis
504 4095 577 4150 inm.
592 4094 628 4149 Μ.
656 4119 691 4134 -
726 4095 756 4160 ²)
775 4096 935 4148 convellenda
951 4093 980 4148 in
993 4111 1028 4149 m.
1042 4095 1080 4150 Μ.
1104 4124 1140 4137 -—
1176 4097 1206 4166 8)
1222 4103 1251 4150 tn
1267 4113 1314 4166 pon
1326 4096 1364 4150 M.

251 4165 282 4235 ⁴)
300 4167 423 4232 Pnnenii,
447 4170 481 4220 al.
499 4167 639 4234 Piprnenii,
663 4167 697 4217 al.
716 4166 817 4218 Picenti
833 4165 861 4218 in
878 4184 913 4218 m.
930 4165 968 4218 M.
994 4197 1030 4208 -·-
1057 4167 1124 4219 Erat
1140 4167 1291 4222 Dumiensis
1308 4183 1364 4220 rno-

284 4236 393 4288 nasterii
410 4239 491 4290 abbas
507 4243 535 4290 ct
551 4237 700 4308 episcopus,
718 4235 762 4303 qui
779 4236 933 4306 subscripsit
950 4235 978 4288 in
999 4237 1242 4291 cone.Tolet.1v.
1259 4242 1287 4290 et
1303 4238 1362 4292 Vb:

285 4307 414 4358 Pimensios
431 4309 550 4359 ecelesiae
566 4307 731 4358 Asidonensis
747 4307 888 4373 episcopua
922 4331 959 4346 ω
994 4306 1023 4375 δ)
1041 4307 1154 4359 illustris
1169 4305 1197 4360 iu
1214 4325 1249 4364 ur·
1265 4309 1303 4362 lt.
1328 4335 1363 4346 -

250 4373 280 4442 θ)
297 4378 483 4444 praelationem
498 4376 562 4429 ibid.
596 4403 633 4418 -·
670 4374 699 4441 l)
715 4377 903 4442 praedicamine
919 4375 983 4429 ibid.
1017 4405 1054 4416 -
1089 4375 1118 4443 ⁸)
1136 4376 1232 4445 niquis
1246 4376 1311 4431 ibid.
1327 4405 1362 4418 ·-

250 4445 279 4514 ο)
298 4464 354 4499 cans
377 4446 442 4499 ibid.
486 4475 520 4488 -
571 4447 621 4512 1⁰)
638 4447 823 4511 enttrpnttonto
838 4445 902 4498 ibid.
942 4475 979 4488 -
1028 4443 1077 4511 ¹1)
1095 4445 1200 4499 Verba:
1230 4448 1260 4500 t‘n
1280 4448 1361 4500 niedio

281 4519 350 4584 prof.
367 4547 402 4558 -
418 4518 557 4568 constituto
573 4515 669 4568 desunt
685 4530 727 4583 ap.
744 4515 782 4568 M.
815 4541 851 4559 -
883 4513 1082 4582 luppmpaptt
1096 4513 1134 4568 M.
1157 4543 1194 4556 ·-·
1219 4516 1275 4570 Tit.
1291 4517 1359 4582 1,5.

246 4586 296 4651 ¹³)
313 4590 420 4653 septimo
436 4587 473 4639 Μ.
490 4585 552 4638 vide
575 4601 635 4652 pag.
654 4584 698 4636 te.
750 4615 784 4626 —
828 4583 878 4652 Η)
894 4585 1102 4637 samositanus
1118 4585 1173 4639 BR.
1191 4585 1276 4650 Μ,
1297 4587 1358 4638 sio·

279 4656 451 4708 lentaelitonns
468 4657 500 4709 T.
516 4657 555 4719 l.,
573 4655 745 4707 Silensitnnns
762 4655 795 4708 Τ.
810 4656 835 4707 2.
858 4659 885 4707 et
902 4653 940 4706 Μ.
977 4683 1012 4694 -
1070 4685 1074 4696 ·
1113 4688 1116 4698 ·
