2912 5060
210 243 277 316 ms
470 233 975 327 concnrurruonpmuuu
990 235 1027 304 u

210 417 272 482 sibi
301 415 438 480 debeant
468 411 601 498 cundici,
636 417 671 474 at
704 407 758 474 ubi
784 415 932 476 octavum
961 403 1115 472 deciunrm
1142 404 1259 472 aetatis
1283 423 1367 472 suae
1447 481 1448 486 ἵ

185 501 436 584 'compleverint
469 517 605 579 mnum,
638 514 743 560 coram
772 495 869 556 totius
897 494 972 556 cleri
998 491 1161 572 plebisque
1187 501 1367 573 conspectu
1447 491 1448 526 l

210 591 357 654 voluntas
383 603 488 649 eorum
518 583 558 648 de
579 581 756 663 expetendo
778 576 926 661 conjugio
948 578 987 640 ab
1010 578 1160 658 episeopo
1181 588 1366 658 perscrute-

211 683 278 738 turr
307 672 420 756 quibus
447 673 476 734 si
503 669 604 753 gratia
633 665 790 730 castitatis
819 664 879 729 deo
907 663 1076 744 inspirante
1104 663 1255 742 placuerit
1267 661 1301 742 ι)
1330 673 1366 728 et

210 760 435 842 professionem
446 755 481 836 ²)
510 753 713 818 castimoniae
744 767 823 812 auae
851 750 971 830 absque
991 745 1148 828 conjugali
1168 750 1365 814 necessitate

211 864 249 908 se
270 840 536 926 spoponderint⁸)
558 845 755 916 servaturos,
782 835 815 896 bi
836 842 983 914 tanquam
1005 834 1197 914 appetitores
1218 835 1365 898 arctissi-

210 947 282 994 mae
306 929 392 992 vitae
406 927 441 1007 ι)
461 925 620 990 lenissimo
642 922 756 986 domini
772 918 851 1002 jugo
872 919 1052 1000 subdantur,
1073 937 1112 981 ac
1133 920 1262 1000 primum
1283 921 1365 983 sub-

202 1015 395 1080 diaconatus
427 1011 628 1076 ministerium
661 1007 768 1068 habita
794 1005 974 1085 probatione
1002 1004 1205 1084 professionis
1234 1023 1313 1068 suae
1327 1005 1363 1084 5)

175 1164 181 1182 ,
211 1100 404 1164 avicesimo
425 1115 505 1160 anno
527 1093 719 1173 suscipiant,
747 1089 831 1172 quod
852 1091 880 1150 si
900 1089 1125 1170 inculpabiliter
1146 1108 1185 1152 ao
1205 1089 1362 1154 inoffense

210 1185 394 1248 vicesimum
417 1190 450 1244 et
470 1181 616 1262 ,quintum
629 1195 743 1240 annum
764 1176 879 1244 aetatis
901 1193 979 1236 suae
999 1176 1192 1258 peregerint,
1220 1175 1261 1238 ad
1289 1175 1365 1238 dia-

210 1277 344 1334 conatus
363 1267 508 1347 offlcium,
529 1265 557 1327 si
578 1258 758 1338 scientem)
780 1261 906 1340 implere
926 1277 1023 1339 posse
1044 1260 1083 1320 ab
1105 1259 1255 1341 episcopo
1272 1279 1364 1324 com-
1433 1298 1437 1304 ,

210 1356 393 1438 probentur,
419 1350 593 1432 promoveri
607 1347 650 1427 ²).
684 1345 870 1410 Cavendum
891 1353 995 1406 tamen
1016 1351 1068 1406 est
1089 1343 1153 1424 his,
1174 1364 1214 1406 ne
1236 1346 1361 1426 quando

210 1459 289 1504 suae
314 1437 493 1518 sponsionis
524 1436 720 1514 immemores
748 1429 789 1492 ad
802 1429 836 1508 ⁸)
870 1438 1010 1492 terrenas
1037 1429 1161 1508 nuptias
1192 1439 1246 1492 aut
1257 1431 1291 1510 ⁹)
1320 1431 1362 1494 ad

209 1526 342 1588 furtivos
354 1522 409 1600 ²⁰)
430 1522 616 1584 concubitus
637 1514 784 1593 ultra¹¹)
813 1523 988 1596 recurrant3
1018 1514 1101 1595 quod
1121 1516 1150 1575 si
1170 1515 1250 1576 forte
1271 1517 1363 1579 fece-

177 1643 179 1648 ν
209 1612 285 1692 rint,
311 1616 347 1670 ut
372 1607 531 1689 sacrilegii
558 1605 603 1667 rei
629 1603 812 1666 damnentur
832 1607 866 1662 et
881 1598 934 1678 ¹²)
963 1601 1002 1662 ab
1019 1600 1168 1661 'ecclesia
1187 1601 1372 1676 habeantur,

210 1694 367 1774 extranei,
388 1693 438 1756 his
459 1699 563 1753 autem
577 1690 689 1771 quibus
702 1687 849 1748 voluutas
870 1685 993 1766 propria
1013 1686 1263 1768 interrogationis
1277 1696 1363 1750 tem·

208 1799 285 1864 pore
311 1777 498 1842 desiderium
523 1774 659 1850 nubendi
686 1771 892 1854 persuaserit,
924 1787 1111 1834 concessam
1140 1772 1178 1834 ab
1209 1775 1362 1852 apostolis

210 1865 398 1930 sententiam
410 1861 465 1942 ¹³)
487 1862 607 1926 auferre
627 1851 691 1942 noir
711 1874 889 1938 possumus,
910 1856 955 1918 ita
974 1865 1009 1918 ut
1029 1874 1100 1918 oum
1120 1867 1291 1936 provectae
1306 1859 1361 1940 ¹⁴¹)

208 1951 324 2016 aetatis
350 1949 382 2011 in
409 1945 554 2030 conjugio
582 1942 678 2026 positi
704 1941 938 2004 renunciaturos
957 1959 995 2002 se
1015 1941 1082 2021 pari
1102 1959 1260 2006 consensu
1282 1963 1364 2027 ope-

207 2037 293 2102 ribus
314 2035 417 2099 oamis
436 2030 674 2114 spoponderint,
701 2027 742 2090 ad
761 2023 906 2088 sacratos
926 2025 1044 2118 gradus
1063 2027 1210 2108 aspirent.

212 2217 215 2222 '
294 2204 443 2266 Similiter
468 2201 585 2283 placuit
613 2195 778 2277 custodiri,
803 2215 844 2258 ne
871 2195 924 2276 qui
952 2193 992 2256 de
1020 2194 1070 2256 his
1091 2196 1144 2277 qui
1165 2195 1217 2260 tali
1238 2198 1363 2262 educe·
1447 2195 1448 2254 i

209 2290 294 2355 tione
318 2290 513 2368 imbuuntur,
552 2286 690 2367 qualibet
724 2282 893 2356 occasione
920 2289 1056 2362 cogente
1086 2283 1233 2363 propriam
1259 2285 1360 2346 relin-
1447 2291 1448 2306 ¹

209 2383 343 2458 quantes
371 2374 540 2438 eeclesiam
569 2370 610 2432 ad
640 2369 731 2431 aliam
765 2367 897 2428 transire
929 2376 1149 2449 praesumant,
1189 2369 1358 2452 episcopus

208 2478 302 2542 vero,
329 2461 383 2542 qui
408 2477 478 2522 euru
491 2455 545 2536 ¹⁵)
572 2456 735 2536 suscipere
761 2454 881 2534 absque
903 2453 1097 2514 conscientia
1116 2455 1229 2534 proprii
1249 2473 1362 2520 sacer-

208 2545 292 2610 dotis
318 2546 453 2608 fortasse
473 2541 732 2625 praesumpserit,
761 2540 857 2605 totius
884 2536 1086 2600 fraternitatis
1111 2557 1197 2600 reum
1225 2559 1300 2604 esse
1321 2559 1361 2604 se

207 2632 339 2712 noverit,
360 2631 433 2714 quia
447 2629 554 2692 durum
570 2636 623 2689 est
641 2634 677 2690 ut
698 2643 788 2705 eum,
810 2641 903 2705 quem
925 2624 1004 2685 alius
1025 2623 1116 2686 rurali
1133 2642 1233 2688 sensu
1255 2625 1361 2706 eost)

117 2789 119 2794 ,
206 2717 354 2800 squalore
382 2715 530 2779 infantiae
558 2713 664 2795 exuit,
697 2710 778 2773 alius
807 2709 970 2798 suscipere
996 2716 1051 2772 aut
1077 2703 1238 2775 vindicare
1263 2727 1361 2794 prae-

205 2810 319 2868 sumat

199 2917 203 2924 ·
759 2879 803 2940 ill

291 2965 369 3032 Illud
396 2983 473 3029 vero
502 2973 664 3046 praeterea
699 2964 830 3046 speciali
864 2961 1122 3044 ordinatione¹⁷)
1152 2963 1362 3047 decrevimus,

204 3055 291 3140 quod
311 3072 372 3118 nec
393 3054 520 3133 antiqua
540 3053 674 3114 concilia
693 3052 725 3112 in
750 3051 906 3111 universis
932 3047 1034 3129 paene
1061 3052 1232 3112 canonibus
1258 3049 1362 3112 silue-
1446 3055 1447 3060 ’

205 3149 291 3222 runt,
318 3149 356 3201 ut
380 3139 483 3200 nullus
509 3137 689 3200 elericorum
710 3155 730 3197 a
751 3134 851 3217 gradu
877 3133 1120 3198 subdiaconatus
1147 3145 1181 3198 et
1206 3153 1301 3217 supra
1326 3136 1361 3197 in

206 3226 355 3292 consortii
380 3223 586 3286 familiaritate
610 3223 726 3285 habeat
751 3221 909 3289 mulierem
929 3221 982 3280 vel
1002 3221 1168 3303 ingenuam
1189 3221 1243 3282 vel
1263 3222 1363 3282 liber-

206 3321 272 3376 tam
301 3319 355 3374 aut
382 3311 541 3392 ancillam,
569 3307 629 3371 sed
657 3309 685 3370 si
711 3315 784 3370 sunt
811 3308 841 3370 ei
866 3303 1082 3386 hujuscemodi
1102 3308 1247 3388 servitia,
1268 3307 1363 3368 matri
1446 3363 1447 3372 ,

206 3399 259 3460 vel
280 3397 377 3458 sorori
398 3397 541 3476 aliaeque
561 3393 780 3474 propinquitati
794 3391 848 3470 4⁸)
877 3390 1039 3454 contradat
1066 3399 1099 3454 et
1119 3391 1268 3474 quidquid
1289 3393 1361 3456 suis
1446 3393 1447 3438 ἓ

205 3482 348 3546 manibus
375 3478 627 3560 profecerint¹⁹)
657 3479 778 3560 proprio
806 3476 929 3540 domino
959 3475 1203 3559 deferatur²⁰J3
1246 3486 1301 3540 aut
1328 3480 1362 3540 si

205 3566 419 3650 propinquitas
439 3563 675 3642 memorata21)
697 3562 804 3644 deest,
832 3563 893 3624 alia
913 3561 1024 3624 domus
1045 3561 1086 3624 ad
1108 3581 1213 3624 earum
1233 3563 1362 3649 habita-

206 3650 374 3730 culum²²J
395 3653 580 3733 requiratur,
602 3647 766 3710 dummodo
787 3647 870 3708 nulla
891 3647 1019 3708 occasio
1040 3647 1214 3710 introeundi
1234 3647 1361 3711 domum

206 3737 312 3804 clerici
332 3737 485 3800 foeminae
506 3735 717 3819 permittatur,
737 3731 819 3794 unde
842 3740 897 3796 aut
916 3733 1061 3815 laqueum
1079 3734 1183 3814 possit
1202 3735 1360 3808 incurrere

186 4073 188 4079 ψ
241 4000 271 4138 :r
287 3995 580 4120 tutaris>
597 3991 914 4131 ruricurte
1164 3997 1322 4120 rur·

242 4143 271 4212 t)
288 4085 377 4188 bozra
391 4134 542 4202 probaticae
558 4147 606 4184 arro
619 4133 720 4197 Vallia,
737 4132 825 4184 bobilo
841 4133 1001 4200 probotionis
1016 4151 1080 4187 aare
1095 4135 1132 4187 Μ.
1156 4165 1193 4176 --
1228 4135 1257 4205 θ)
1275 4137 1360 4190 scieu-
1445 4121 1446 4132 ¹

274 4215 313 4258 tra
330 4206 421 4258 Vallic.
464 4231 498 4242 -
544 4201 573 4268 l)
591 4201 679 4254 debent
696 4202 756 4254 add.
771 4201 810 4254 M.
850 4225 885 4242 -
937 4204 966 4271 ⁸)
984 4213 1028 4256 aut
1046 4205 1081 4256 rui
1096 4203 1134 4258 M.
1174 4233 1210 4246 -
1262 4207 1291 4276 ο)
1309 4215 1358 4259 out
1445 4243 1446 4270 ,

274 4277 350 4328 deest
366 4274 394 4324 in
413 4271 504 4324 Vallia
538 4299 575 4309 -
608 4271 657 4338 ¹⁰)
675 4271 805 4323 abortione
820 4271 848 4324 in
865 4287 900 4325 rn.
918 4272 955 4325 M.
989 4273 1107 4341 -⁶11)
1126 4275 1194 4328 uitro
1212 4275 1305 4329 Vallia.
1322 4303 1359 4316 ·-

238 4343 288 4412 ιι)
307 4345 481 4394 dedecoraret
499 4341 622 4394 deestirr
639 4341 728 4396 Vallia.
763 4371 799 4382 -
837 4343 886 4410 ¹³)
903 4343 1032 4398 licentium
1048 4343 1078 4398 iu
1095 4359 1129 4398 m.
1145 4347 1183 4399 Μ.
1217 4375 1254 4386 -

238 4419 272 4456 1⁴
304 4413 450 4480 praefectae
466 4411 503 4464 M.
533 4439 570 4450 -
603 4411 651 4481 ιὅ)
669 4427 712 4464 eor
728 4411 766 4466 M.
791 4439 828 4453 -
860 4414 1053 4481 1⁶)cVallic.
1082 4441 1119 4453 -
1151 4414 1200 4483 Η)
1218 4413 1359 4467 ordinet.
1445 4423 1446 4470 i

238 4487 271 4526 1⁸
305 4483 345 4534 oet
362 4483 411 4534 ulii
427 4479 628 4550 propinquatio
647 4499 681 4535 m.
698 4483 735 4534 M.
770 4511 805 4522 —
845 4482 893 4549 ¹⁹)
911 4487 1064 4552 pepererint
1080 4483 1118 4538 Μ.
1153 4513 1188 4524 --
1220 4484 1272 4552 ²⁰)
1292 4481 1360 4547 uffe-
1445 4483 1446 4510 ¹

124 4549 133 4564 ’
274 4559 350 4606 ratur·
366 4553 458 4607 Vallic.
492 4581 528 4592 -
558 4551 609 4620 ²¹)
627 4553 829 4620 propinquitatis
845 4555 969 4608 mortorio
986 4553 1078 4612 Varie.
1112 4583 1147 4594 -
1179 4553 1229 4622 21)
1247 4555 1359 4606 ulleriroe

273 4624 361 4677 deutur
376 4623 538 4676 adhaereatis
554 4621 726 4676 babituerdmrr
744 4623 771 4674 in
789 4639 823 4676 nr.
840 4621 877 4674 bl.
913 4651 948 4666 -
