2916 5050
250 239 253 244 “
365 229 741 321 consummastis
763 233 998 303 remeante,
1196 235 1258 313 183

98 407 240 473 eaedem
267 404 419 486 epistolae
436 413 619 485 onerentur,
645 407 800 488 petimus,
823 407 919 472 frater
937 407 1063 488 Aureli,
1091 416 1126 473 ul
1145 406 1273 491 isdem!

98 507 161 558 tuo
178 491 293 554 caritas
306 497 412 550 rrostro
433 490 567 552 ornuium
588 491 711 553 nomine
726 491 925 556 subscribere
941 491 1095 575 dignetur.
1114 495 1159 556 nt
1177 495 1257 556 sub·

101 579 314 658 scripseruut:
347 574 494 638 Aurelius
519 575 691 658 episeopus
720 577 878 640 ecclesiae
898 575 1159 660 carmaginensis
1184 579 1271 658 huie¹

103 665 234 740 decreto
263 659 412 732 consensi
444 667 477 720 et
506 661 687 740 subscripsi.
752 662 908 732 Similiter.
928 672 961 723 et
989 665 1086 732 celeri
1115 663 1257 748 episcopi

104 749 366 828 subscripserunt.
408 745 534 816 [literae
564 747 659 806 etiam
687 743 727 807 ed
751 744 876 826 judices
903 747 1074 815 mittendae
1103 756 1193 832 sunt,
1221 759 1257 812 ut

21 887 25 894 .
105 835 207 896 donec
234 833 378 896 dominus
402 829 529 914 legatos
556 829 597 892 ad
623 849 682 893 nos
708 831 807 898 redire
828 833 1002 915 permittat,
1031 835 1181 898 tuitiones
1201 853 1257 916 per

103 919 230 982 ordines
268 917 429 979 civitatum
467 923 501 978 et
537 933 743 996 possessores
778 918 971 1000 praediorum
1003 920 1161 984 ecclesiae
1198 913 1270 984 oa?

69 1016 74 1021 ’
102 1005 242 1067 thelicae
264 1002 446 1082 impertiant.
487 1001 728 1086 Adjuugendum
750 1004 844 1066 etiam
866 1003 906 1066 de
926 1004 1062 1086 Equitio,
1080 1012 1118 1072 ut
1138 1005 1256 1087 impro-

104 1093 190 1152 bitas
213 1086 298 1168 ejus3
326 1085 466 1166 quesibi
490 1085 543 1166 jus
562 1087 762 1149 saderdotum
787 1088 1013 1168 improbissime
1035 1089 1189 1171 vindicat,
1215 1091 1255 1152 ab

102 1175 301 1256 Hipponensi
322 1173 515 1232 Dieretorum
541 1171 682 1234 dioecesi
707 1171 880 1235 secundum
902 1183 1021 1238 statuto
1041 1176 1256 1258 imperatorius
1297 1247 1298 1252 ἵ

17 1283 18 1290 “
101 1263 279 1342 repellatur.
336 1259 463 1318 hiterae
495 1258 590 1318 etiam
622 1258 663 1320 ed
696 1259 878 1339 episcopum
908 1259 1069 1322 Romanae
1099 1261 1257 1328 ecclesiae

100 1344 374 1416 comminus
395 1343 569 1424 nouorum
589 1344 758 1412 mittendae
780 1354 869 1424 sunt,
893 1345 994 1423 vell)
1022 1345 1063 1410 od
1083 1347 1177 1421 alias,
1203 1348 1255 1408 ubi

99 1434 196 1497 fuerit
222 1431 397 1510 imperator.
440 1429 483 1492 Et
508 1429 779 1508 subscripserint:
806 1431 892 1508 ¹lteru
912 1411 1060 1494 Aurelius
1080 1431 1257 1511 episcopus

100 1518 263 1584 ecclesiae
291 1513 552 1595 Ourtlregiuensis
590 1515 672 1588 luriu¹
695 1513 824 1578 deoreto
861 1517 1008 1582 consensi
1037 1525 1070 1578 et
1096 1517 1256 1594 praelecto
1304 1586 1309 1590 ,

98 1599 287 1681 subscripsi.
328 1600 476 1661 Similiter
496 1608 529 1660 et
551 1599 812 1680 oeterirepisoopi
831 1601 1083 1680 subscripserunt
1094 1601 1139 1680 ²Jr

129 1730 176 1792 Ire
194 1729 253 1790 boo
274 1717 501 1809 synodo'poos'
512 1731 640 1801 anatome
659 1734 752 1803 runt,
782 1727 885 1791 oreon
910 1725 1056 1792 declarat
1075 1728 1229 1792 adnexus.

191 1831 344 1894 Stilioone
357 1831 394 1890 ll.
410 1835 444 1890 et
458 1828 627 1892 Anthemio
642 1831 719 1892 viris
734 1829 914 1892 clarissimis
922 1831 1115 1912 consulibus,
1135 1831 1176 1892 X.
1188 1830 1258 1892 Ka-

102 1917 218 1980 lendas
244 1915 458 1996 Septembris,
489 1913 684 2000 Carthagine
713 1916 745 1978 in
771 1916 901 1978 basilica
926 1916 1064 1999 regionis
1088 1913 1258 1980 secundae.

103 2005 214 2084 Hrp'us
232 1997 367 2064 bonodia·
394 2005 488 2082 gesto
515 2000 588 2064 idco
615 2021 679 2064 corr
700 2021 741 2063 eo
762 2004 888 2085 integro
909 2001 1064 2084 descripsi
1071 2046 1080 2077 ‚
1109 2003 1258 2084 quoniam

101 2091 210 2172 magis
239 2109 294 2163 ea,
322 2106 404 2169 quae
431 2087 467 2146 io
496 2091 636 2168 tempore
656 2089 837 2150 neucesaria
851 2089 1008 2167 firmet,
1035 2107 1128 2170 qurum
1148 2087 1258 2170 ulique

102 2172 272 2258 generalia
299 2173 477 2232 constituto
498 2179 595 2245 sunl,
622 2172 682 2233 sed
706 2170 751 2234 ad
772 2174 1018 2238 immorimur
1045 2173 1256 2242 studiosorum

104 2259 247 2342 erodes
267 2256 398 2318 coecilii
418 2255 542 2318 bream
561 2257 684 2339 digessi
694 2256 737 2338 3).

441 2381 562 2448 XCIV.
601 2383 717 2447 Breor'o
748 2373 924 2452 caurorum.

197 2485 241 2556 Ut
266 2485 362 2545 libera
386 2483 502 2570 legatio
523 2487 563 2547 ab
584 2485 727 2548 omnibus
746 2485 916 2572 provinciis
934 2485 975 2554 ad
996 2485 1159 2558 concilium
1182 2481 1257 2544 diri-

107 2582 213 2656 gatur.
265 2567 317 2632 Art
345 2569 562 2650 Mixonium‘)
587 2571 686 2656 legati
709 2573 749 2633 et
762 2572 870 2658 literae
890 2579 1016 2653 propter
1034 2570 1160 2636 liberam
1182 2563 1258 2627 diri-

108 2657 247 2720 vendam
266 2656 455 2738 legationem
469 2654 617 2720 destinari
629 2650 817 2740 praeceptae
838 2665 927 2718 sunt:
947 2664 983 2720 ut
995 2655 1067 2738 quia
1081 2651 1163 2734 apud
1175 2649 1259 2716 Car·

105 2753 119 2806 t
144 2735 269 2827 arginem
291 2740 410 2804 tentum
431 2741 535 2807 unitas
553 2743 641 2804 lacta
661 2751 729 2824 est,
753 2739 867 2804 dentur
888 2743 993 2826 etiem,
1009 2739 1116 2801 literae
1138 2735 1179 2802 ad
1200 2733 1256 2835 ¹ju·
1355 2739 1358 2744 '

105 2825 215 2912 dicim,
244 2836 280 2889 ut
308 2835 341 2888 et
366 2825 435 2889 iuliis
461 2827 630 2910 prouinciis
651 2837 685 2890 et
704 2827 884 2890 civitatibus
906 2842 1031 2910 operam
1052 2821 1187 2906 impendi
1201 2841 1259 2910 Ju-¹

93 2919 206 3002 ¹beent
229 2912 354 2975 unitati:
381 2919 418 2972 ut
444 2911 611 2994 gratiarum
635 2903 778 2977 actiones
798 2911 839 2975 de
859 2913 1100 2998 Carthaginensi
1121 2909 1259 2970 ecclesie

106 3019 167 3089 pro
187 2992 340 3058 universo
354 2992 463 3070 Africo
482 2994 522 3058 de
544 2999 724 3060 exclusione
745 2996 975 3061 Donatistarum
996 3015 1067 3060 cum
1089 2995 1259 3074 episcopo-

106 3103 177 3148 rum
195 3081 295 3157 literis
317 3079 357 3143 ed
377 3081 557 3144 comitatum
577 3085 744 3146 mittantur.
784 3083 951 3150 Recitatae
972 3091 1046 3146 sunt
1068 3081 1177 3143 literae
1197 3097 1258 3160 pe-

106 3191 171 3257 pae
197 3168 362 3237 inocentii:
389 3176 425 3229 ut
450 3169 592 3250 episcopi
619 3169 660 3231 ad
689 3169 891 3232 transmarine
916 3189 1049 3252 pergere
1077 3165 1168 3228 facile
1195 3181 1257 3248 non

108 3257 247 3324 debeant
256 3251 300 3336 ὅ),
318 3253 400 3339 quod
421 3253 483 3320 hoc
501 3254 605 3336 ipsum
626 3255 842 3335 episcoporum
863 3253 1028 3316 sententiis
1049 3247 1258 3314 continuatur:

41 3349 42 3356 ’
107 3351 143 3405 ut
164 3347 290 3423 propter
309 3341 477 3422 gretiamm
497 3339 653 3405 actionem
675 3349 708 3402 et
728 3339 940 3402 exclusionem
954 3339 1186 3402 Donatistarum
1197 3335 1259 3398 duo

108 3427 216 3493 elerici
235 3425 393 3488 ecclesiae
414 3425 675 3510 carthaginensis
695 3423 735 3488 ad
757 3425 936 3488 comitatum
956 3425 1123 3488 mittantur.

184 3553 223 3614 ln
256 3551 312 3632 boc
341 3550 476 3612 concillo
496 3553 662 3646 'quaedam
692 3553 745 3614 de'
760 3555 944 3617 constitutio
975 3551 1187 3638 superioribus

386 3645 389 3654 '
583 3640 795 3722 corriguntur.

160 3792 163 3803 .
197 3735 444 3802 Gloriosissimis
471 3739 704 3818 imperatoribus
731 3741 868 3801 Honorio
883 3738 954 3800 Vll.
976 3747 1009 3800 et
1029 3734 1207 3798 'l'heodosio
1224 3733 1260 3792 ll.
1287 3757 1290 3760 ·

113 3825 258 3908 augustis
279 3823 470 3904 consulibus
483 3823 587 3886 idibus
602 3826 695 3888 Juliis
706 3823 750 3904 ⁸),
764 3825 957 3908 Carthagine
969 3825 998 3886 in
1013 3824 1143 3886 basilica
1153 3817 1267 3902 regio-1

112 3914 162 3975 nis
183 3907 360 3989 secundae,
390 3927 461 3972 cum
484 3903 630 3977 Aurelius
651 3911 821 3992 episcopus
842 3929 905 3972 una
925 3930 996 3972 cum
1018 3909 1176 3992 episeopis
1196 3905 1263 3968 suis

115 3994 335 4073 comedisset,
363 3993 562 4064 adstantibus
588 3997 749 4076 diaconis,
779 3996 848 4058 ait:
881 3991 1040 4072 Quoniam
1062 3995 1263 4059 coustitutum

112 4080 216 4142 fuerat
241 4079 274 4138 in
295 4080 429 4141 concilio
456 4082 665 4162 Hipponensi,
695 4089 731 4142 ut
756 4081 890 4164 singulis
916 4083 1006 4143 annis
1032 4079 1264 4142 contraheretur

115 4162 280 4252 concilium
301 4163 427 4228 Africae
454 4167 641 4256 plenarium,
668 4186 729 4230 non
756 4175 877 4234 ‘lantum
905 4167 957 4229 hic
980 4165 1065 4254 opud
1095 4161 1265 4243 Carthagi-

113 4316 315 4340 adast-¹-

68 4446 71 4450 .
150 4401 180 4469 ¹)
199 4397 324 4451 elHard.
358 4429 392 4452 -.-
435 4389 1044 4470 ²)Neanderl.c.vol.'ll.‚p.1283not.2.
1065 4426 1113 4450 .—
1149 4396 1177 4458 ³)
1197 4396 1265 4447 Sunl

182 4469 335 4530 lraecverbe
355 4469 502 4524 collectoris
519 4471 630 4526 istorum
649 4490 787 4528 canonum.
802 4473 885 4530 Haud.
902 4501 936 4510 -
972 4471 1048 4536 ⁴)Al.
1059 4466 1216 4532 Myconium.
1229 4495 1263 4504 -

103 4591 111 4606 ,,
151 4538 179 4608 ³)
198 4537 239 4612 ob
256 4537 444 4612 Concilartlu
458 4541 501 4592 lll.
527 4557 549 4592 o.
565 4542 607 4593 28.
643 4544 759 4596 Breviar.
779 4541 894 4608 Hippou.
920 4557 944 4592 c.
959 4541 1001 4592 27.
1035 4539 1102 4592 Coo.
1123 4539 1186 4591 eccl.
1210 4535 1265 4588 Ab.

183 4625 207 4662 ρ.
219 4609 262 4665 23,
281 4636 316 4650 .-
350 4613 380 4676 ⁶)
399 4609 463 4688 ipss.
480 4611 576 4667 Jrrrrr'r's.
601 4613 683 4670 Hard.
703 4613 734 4664 cs.
751 4629 776 4664 o.
795 4612 852 4662 100.
866 4639 900 4648 ——
915 4611 977 4662 idus
987 4611 1061 4662 lunii
1077 4609 1105 4662 ia
1118 4607 1267 4666 textulurt
