2916 5050
387 289 522 366 tenax
543 293 767 371 auctusne
788 299 1023 373 teutonum.
1214 303 1279 374 185

278 472 479 538 moutarn
497 470 681 539 Moarermn
694 477 885 562 pontffloaen
900 474 948 542 'de
969 475 1121 542 fflmoao.
1238 487 1241 492 '
1365 479 1368 484 '
1441 435 1446 445 ⁵

172 593 178 604 ·
205 569 410 640 'Protestatos
438 593 512 639 esse
540 585 704 658 praeterea
729 580 859 642 Mauros
886 578 1114 642 Caesarienses
1142 585 1277 662 consae,
1359 635 1363 642 .

122 659 298 725 Primosum
317 681 375 744 per
394 662 581 744 principales
600 665 739 726 civitatis
760 661 974 748 'thiganensis
993 672 1182 728 conventum
1202 663 1277 727 lite·

122 747 167 809 ris
188 766 294 810 eorum
315 747 434 828 fuisse,
462 755 498 810 ut
518 749 692 812 secundum
719 750 899 830 principalia
928 751 1010 814 scita
1038 751 1176 830 plenario
1197 751 1277 812 con-

120 833 193 898 cilio
214 834 265 894 sui
285 833 496 916 praesentiam
517 833 650 916 faceret,
680 843 714 897 et
741 844 777 898 ut
804 835 939 916 oportuit
965 837 1133 916 requisitus
1152 835 1277 900 Primo-

119 936 179 980 sus
200 925 343 998 repertus
363 937 426 980 non
448 925 514 998 est,
542 921 636 982 sicuti
657 919 780 982 diaconi
806 919 1074 982 renunciaverunt.
1115 919 1182 982 Sed
1203 921 1277 1002 quia

123 1012 336 1084 poposcerunt
364 1001 457 1065 iidem
484 1003 604 1084 Mauri,
633 1005 673 1067 de
694 1005 831 1086 plenario
852 1007 984 1068 concilio
1007 999 1149 1086 oportere
1168 1006 1277 1068 literas

123 1087 274 1150 destinari
294 1087 334 1152 ad
354 1089 563 1150 venerabilem
583 1091 707 1152 fratrem
727 1108 837 1153 senem
856 1091 1090 1170 Innocentium,
1118 1090 1177 1153 has
1204 1092 1277 1174 pla-

124 1173 192 1236 cuit
211 1173 304 1256 mitti,
326 1181 361 1236 ut
382 1183 539 1256 agnoscat
559 1177 741 1258 requisitum
761 1175 935 1242 Primosum
956 1175 987 1240 in
1008 1175 1140 1243 concilio
1162 1183 1204 1242 et
1214 1177 1277 1240 mi·

121 1259 205 1320 nime
225 1259 327 1350 fuisse
346 1267 510 1342 repertum.
612 1289 616 1294 ¹
1208 1258 1211 1268 ’

24 1422 34 1428 -
125 1351 304 1449 novur.
337 1384 391 1450 De
405 1385 571 1470 porram,
598 1405 681 1471 queo
699 1349 861 1471 mque»
881 1389 1043 1474 perpe·
1062 1386 1251 1454 tatem.
1320 1473 1325 1480 .

126 1519 130 1529 ·
207 1487 331 1554 Placuit
352 1497 386 1552 et
406 1488 497 1578 illud,
523 1497 559 1554 ut
571 1489 704 1571 plebes,
726 1507 809 1572 quae
829 1508 985 1574 nunquam
1008 1490 1181 1554 halucmnt
1200 1504 1277 1572 pru·

124 1572 209 1672 prius
230 1575 416 1674 episcopos,
445 1574 507 1638 nisi
528 1591 570 1636 ox
589 1575 723 1638 concilio
743 1575 882 1672 plenario
901 1573 1127 1676 uniscujusque
1145 1575 1277 1676 pavir-

124 1677 196 1805 tt
217 1659 895 1848 tttttttnttttretundunt?
909 1660 1277 1828 illliffl’idisse‘*

28 1895 32 1906 ·
126 1846 266 1938 'xum
300 1871 351 1937 De
365 1871 511 1958 potrum
530 1872 582 1938 vel
600 1873 796 1938 dioecesibus
817 1893 858 1936 ea
877 1851 1064 1940 Donatistis
1085 1873 1255 1938 conantia.
1341 1888 1348 1894 ·

125 2031 129 2040 .
209 1984 296 2048 Sanc
316 1992 353 2047 ut
372 1985 444 2046 illae
463 1985 590 2066 plebes,
612 2003 694 2066 quaa
714 2003 890 2048 conversae
910 1992 985 2048 sunt
1005 2001 1026 2048 a
1045 1983 1224 2075 Damnatis
1243 1988 1278 2047 et

127 2067 299 2132 habuerunt
319 2070 499 2152 episcopor,
520 2071 589 2133 sine
606 2071 699 2133 dubio
720 2070 896 2133 inconsulto
917 2071 1050 2134 concilio
1070 2069 1186 2140 habere
1205 2085 1278 2132 me·

124 2147 265 2238 reantur,
291 2174 375 2236 quae
403 2165 508 2218 autem
536 2155 646 2237 plebes
673 2155 847 2220 habuerunt
874 2155 1056 2238 episcopum
1063 2163 1134 2238 ,et
1155 2169 1194 2216 eo
1216 2149 1278 2217 de·

124 2237 231 2302 frurcto
252 2242 407 2303 voluerint
427 2261 489 2303 non
510 2242 693 2324 episcopum
719 2243 873 2324 proprium
900 2242 1031 2323 habere,
1058 2239 1118 2304 sed
1146 2237 1186 2303 ad
1216 2238 1278 2302 ali-

124 2322 216 2404 oujus
244 2327 385 2408 episcopi
406 2325 772 2410 dioecesim-pertinere,
798 2345 865 2390 non
883 2328 932 2389 eis
953 2345 1029 2389 esse
1049 2323 1277 2409 denegandum.

126 2408 209 2471 Neo
223 2411 285 2471 non
306 2419 339 2474 et
359 2410 433 2473 illud
453 2421 643 2496 suggestum
664 2422 731 2494 est,
758 2412 841 2495 quod
862 2413 972 2494 plebes
994 2419 1068 2475 ante
1088 2412 1194 2496 legem
1214 2410 1277 2473 im-

125 2501 309 2574 peratorum
332 2494 373 2559 de
401 2497 529 2560 unitate
550 2498 644 2560 latam
674 2501 860 2580 quicumque
888 2505 1108 2562 convertentut
1134 2495 1276 2578 episcopi
1355 2529 1362 2534 -

126 2577 167 2640 ad
182 2580 378 2664 catholicam,
398 2582 458 2662 ipsi
478 2601 534 2644 eas
555 2583 860 2660 obtinerodebeant:
880 2601 990 2643 verum
1011 2601 1031 2645 a
1051 2583 1127 2663 lege
1145 2581 1277 2642 unitatis

126 2672 162 2726 et
182 2663 333 2748 deinceps
363 2674 506 2748 oporteat
525 2669 690 2730 universas
712 2669 867 2732 ecelesias
886 2667 1046 2730 vindicare
1066 2665 1127 2729 sibi
1148 2665 1279 2746 opiscoe·

10 2777 14 2788 ,
125 2767 185 2831 pos
204 2752 377 2820 catholicos
395 2771 501 2818 eorum
521 2753 667 2836 locorum,
689 2753 730 2816 ad
747 2772 827 2836 quos
844 2754 915 2816 loca
935 2750 1183 2816 sub-haereticis
1200 2769 1277 2832 per·
1389 2813 1391 2818 ,

125 2835 267 2900 tinebant
296 2831 349 2905 vel
380 2834 602 2902 conversorum
630 2837 670 2902 ad
692 2839 878 2902 catholicam
898 2839 951 2901 vel
972 2831 1034 2901 non
1049 2833 1277 2902 ‘conversorum

127 2920 369 3006 haereticorum,
397 2933 431 2986 et
458 2923 640 3008 dioeceses,
668 2931 703 2987 ot
730 2925 759 2986 si
785 2938 847 3006 qua
860 2923 951 2986 ‘forte
979 2932 1053 2986 suut
1072 2923 1278 2986 iustrumenta

121 3007 283 3086 ,ecclesiae
304 3009 357 3072 vel
379 3007 419 3086 ad
441 3007 511 3090 ejus
528 3009 581 3090 jus
601 3009 796 3090 pertinentia.
839 3007 901 3088 Qui
920 3027 997 3070 vero
1018 3009 1122 3092 aliqua
1141 3009 1276 3090 usurpa*

126 3102 239 3156 verunt
257 3102 331 3176 post
351 3093 476 3180 legem,
500 3103 649 3180 usurpata
669 3095 817 3160 conventi
837 3095 1011 3158 restituant.

326 3221 360 3288 0.
403 3221 457 3286 Do
485 3226 702 3308 suggestione·
716 3222 895 3286 Mearmrta‘r'
921 3222 1073 3304 episcopt.

211 3321 262 3394 Ad
294 3327 536 3472 supgestionern
568 3327 621 3390 vel
653 3311 893 3408 postulationem
928 3321 1069 3406 episcopi
1098 3317 1284 3398 maurentii,

126 3425 198 3470 cum
225 3411 308 3471 lecta
347 3411 448 3473 uisset
476 3411 597 3474 scheda
627 3430 719 3493 quam
740 3411 851 3474 obtulit
870 3404 1277 3490 episcopus'Placentinus,

115 3493 180 3578 ‚qui
207 3511 373 3572 personam
398 3497 497 3580 legati
524 3497 726 3560 Numidarum
755 3495 924 3580 gestabat,
953 3493 1111 3557 sententia
1136 3489 1279 3578 ejusdem
1342 3543 1344 3548 ,
1378 3575 1380 3579 ι
1413 3545 1418 3554 .

115 3573 305 3662 ¹Placentini
332 3581 464 3644 recitata
496 3590 547 3645 est
579 3583 610 3643 in
642 3590 816 3662 conspectu
853 3581 1092 3670 episcoporum,
1135 3587 1170 3640 et
1205 3593 1278 3639 cum

128 3669 349 3743 quaererentur
374 3665 406 3726 hi
434 3684 514 3748 quos
540 3667 655 3730 adesse
683 3667 783 3730 voluit
804 3686 824 3731 a
844 3665 984 3730 diaconis
1003 3684 1059 3746 pro
1074 3663 1214 3743 loribus,
1243 3659 1276 3722 id
1332 3679 1340 3686 “

128 3754 180 3808 est
207 3747 350 3811 seniores
377 3768 397 3812 a
422 3752 518 3814 Nova
544 3751 729 3835 Germania,
759 3770 797 3816 ac
824 3751 948 3814 minime
976 3749 1185 3812 invenirentur
1218 3761 1277 3807 se·-

126 3827 229 3908 cundo
251 3835 304 3896 vel
325 3836 417 3898 tertio
439 3839 593 3917 requisiti:
612 3847 778 3920 propterea
799 3837 922 3900 censuit
943 3842 1088 3897 sanctum
1103 3831 1278 3912 aemilium,

127 3927 162 3979 ut
183 3918 291 3980 literae
312 3919 353 3982 ad
375 3921 508 3984 eundem
528 3941 637 3986 senem
657 3923 850 4004 Xantippum
871 3927 1111 4004 praerogentur,
1133 3934 1195 4000 quo
1216 3933 1278 3983 110-

128 4001 207 4064 verit
221 4005 375 4070 voluntati
395 4007 496 4087 plebis
517 4017 707 4075 memoratae
727 4008 810 4070 nullo
823 4003 923 4078 ¹modo
944 4003 1121 4086 injuriam)
1137 4001 1278 4084 episcopi

126 4089 400 4156 succumbendum.
431 4093 628 4156 Maurentius
649 4095 817 4174 episcopus
838 4091 934 4154 dixit:
951 4089 1119 4169 ,Quoniam
1139 4086 1278 4170 requisiti
1386 4130 1389 4142 .

125 4179 199 4235 sunt
218 4176 362 4238 seniores
382 4177 512 4239 aNova
526 4176 715 4241 Germaniae
734 4177 874 4242 secundo
895 4194 935 4239 ac
956 4170 1047 4238 tortio
1068 4183 1102 4236 at
1122 4192 1185 4235 non
1205 4179 1280 4234 sunt

107 4259 260 4340 inventi,
288 4261 401 4342 quibus
427 4265 628 4344 praeceptum
654 4271 722 4326 erat
742 4283 765 4327 a
782 4265 930 4345 primate,
959 4269 995 4324 ut
1020 4265 1217 4322 occurrerent
1237 4254 1279 4320 ad

1 4375 2 4378 ι
123 4343 302 4407 venerabile
335 4345 500 4412 concilium
535 4347 617 4429 quod
648 4365 731 4414 nunc
762 4350 865 4432 agitur
889 4347 996 4411 Idibus
1020 4345 1125 4412 Juniis
1136 4343 1172 4424 ²)
1184 4388 1194 4424 ,
1228 4341 1278 4404 sui

122 4428 299 4494 absentiam
314 4440 533 4513 procuraruntr
546 4431 660 4500 idcirco
673 4431 825 4498 decernat
840 4451 882 4496 ex
896 4431 957 4502 hac
974 4449 1009 4501 te
1025 4427 1141 4512 aliquid
1157 4427 1278 4498 sancu-

78 4579 81 4590 '
122 4573 324 4607 bunun—-

160 4682 295 4748 Phegeu
314 4684 410 4753 intacto
431 4687 472 4740 rol
490 4651 516 4738 ln
537 4683 663 4754 injenium.
694 4685 789 4740 Manui.
832 4711 867 4726 —·
916 4682 945 4749 ²)
960 4682 1023 4744 ,vide
1041 4679 1123 4749 praei.
1144 4679 1177 4734 at
1195 4693 1216 4730 c.
1234 4676 1276 4734 95.
1363 4713 1366 4719 -
1438 4713 1446 4729 r
