2880 5050
353 286 595 355 conculam
613 283 886 356 'l'OirE'l'ANUM
905 288 976 356 XII.
1171 288 1241 356 331

85 464 139 529 Er
160 454 232 528 erat
259 460 312 525 teta·
338 477 452 522 nomen
471 477 575 536 mom
605 475 645 524 ac
663 455 903 541 prbinde‘omne
918 453 1122 542 'sacrilegium
1141 453 1244 522 idola·-

26 568 29 574 ’
87 548 218 626 triae¹)
247 548 301 608 vel
329 545 477 626 quidquid
503 546 577 606 illud
605 555 657 607 est
686 555 796 608 contra
821 554 966 608 sanctam
991 545 1101 626 iidem,
1127 545 1160 606 in
1179 543 1242 626 qu'o

86 634 278 716 insipientes
313 631 456 694 homines
489 631 644 712 captivati
671 630 833 696 diabolicis
861 632 990 697 culturis
1014 631 1187 700 inserviant
1195 630 1241 714 ²),
1277 699 1280 706 ,

87 719 266 787 sacerdotis
287 717 339 779 vel
356 715 474 798 judicis
494 717 645 780 sustantia
669 718 799 780 inventa
819 717 900 780 haec
915 717 949 796 8)
979 715 1148 800 sacrilegia
1168 735 1242 778 era-

89 807 204 871 dantur
226 813 259 866 et
280 803 489 866 exterminata
508 811 709 886 truncentur,
724 822 788 865 eos
809 823 896 885 vero,
917 803 970 884 qui
990 803 1030 865 ad
1052 803 1148 864 talem
1168 801 1244 864 hor-

89 909 195 955 rorem
221 897 407 952 concurrunt
423 887 479 968 ⁴),
505 895 540 949 et
558 887 742 951 verberibus
766 898 934 952 coerceant
954 896 989 950 et
1010 897 1141 952 onustos
1162 887 1242 964 ferro

88 978 162 1040 suis
190 975 322 1038 dominis
351 972 494 1054 tradant,
520 972 550 1035 si
576 982 683 1036 tamen
708 975 947 1036 dominicorum
974 993 1030 1054 per
1045 969 1244 1054 jurisjurandi

89 1062 330 1125 attestationem
361 1059 545 1140 promittant
576 1069 613 1122 s'e
646 1077 704 1122 eos
734 1068 801 1122 tam
830 1061 965 1123 sollicite
986 1057 1173 1141 custodire,
1206 1067 1244 1122 ut

89 1146 175 1212 ultra
201 1147 261 1207 illis
286 1161 348 1206 non
375 1145 472 1207 liceat
498 1144 562 1206 tale
590 1145 682 1207 nefas
709 1147 913 1209 committere.
954 1143 1046 1222 Quod
1066 1145 1104 1207 'si
1129 1139 1245 1207 domini

92 1251 202 1298 eorum
220 1231 318 1292 nolint
329 1228 363 1308 ⁵)
391 1227 568 1310 hujusmodi
587 1249 660 1292 reos
682 1231 713 1292 in
734 1231 797 1294 ilde
815 1251 875 1294 sua
896 1231 1078 1312 suscipere,
1105 1238 1182 1292 tunc
1203 1232 1244 1294 ab

91 1321 159 1396 eis,
181 1337 200 1379 a
221 1318 333 1398 quibus
353 1316 484 1378 coerciti
504 1323 595 1398 suut,
622 1317 720 1398 regiis
733 1317 768 1396 6)
790 1318 1014 1398 conspectibus
1035 1319 1247 1396 praesenten-

92 1414 161 1485 tur,
183 1411 219 1464 ut
239 1401 417 1484 principalis
438 1402 611 1464 auctoritas
631 1403 758 1465 liberam
779 1403 819 1465 dc
834 1401 870 1483 1)
894 1401 1009 1464 talibus
1029 1402 1165 1464 donandi
1185 1421 1247 1482 po·

89 1497 244 1554 testatem
264 1489 420 1549 obtineat:
447 1487 564 1549 domini
585 1496 692 1549 tamen
713 1507 834 1570 eorum,
862 1490 914 1570 qui
934 1489 1094 1550 nuntiatos
1115 1488 1175 1550 sibi
1195 1497 1249 1549 ta·-

86 1578 169 1638 lium
188 1591 350 1636 servorum
371 1591 491 1634 errores
511 1573 624 1636 ulcisci
645 1574 821 1636 distulerint
829 1574 875 1655 ⁸),
892 1583 925 1636 et
944 1574 1248 1636 excormuuuioatio-

87 1662 148 1724 nis
175 1659 365 1722 sententiam
392 1659 564 1740 perierant,
593 1667 626 1721 et
650 1659 720 1740 jura
748 1663 832 1722 servi
857 1661 955 1741 itlius,
980 1677 1077 1741 quem
1098 1671 1248 1726 coercere

96 1747 223 1824 nolunt,
244 1763 282 1805 se
303 1745 449 1806 amisisse
469 1755 673 1828 cognoscant.
707 1744 800 1823 Quod
821 1747 849 1808 si
870 1747 1074 1828 ingenuorum
1093 1745 1248 1825 personne

89 1834 145 1896 ¹his
165 1831 318 1892 erroribus
339 1830 452 1891 sumunt
472 1831 666 1911 implicatae,
688 1840 722 1892 et
743 1840 895 1912 perpetua
916 1831 1249 1895 excorumunioationis

91 1917 255 1981 sententia
274 1916 425 1978 ferientur
444 1924 478 1978 et
499 1917 623 1979 arctiori
644 1918 738 1978 exilio
760 1919 951 1981 ulciscentur
962 1917 1007 1996 ⁹).

158 2124 161 2132 ·
180 2103 304 2168 Placuit
326 2101 400 2168 huic
420 2100 603 2164 venerando
619 2104 674 2182 11)
695 2103 844 2186 concilio,
872 2113 908 2168 ut
924 2101 1172 2186 juxta‘priorunt
1192 2121 1252 2166 ca-

93 2209 210 2254 nonum
240 2191 384 2254 instituta
424 2189 567 2270 episcopi
605 2190 797 2274 singularum
828 2189 1055 2270 provinciarum
1071 2189 1127 2269 Η)
1162 2190 1252 2251 annis

94 2277 230 2358 singulis
260 2277 292 2336 in
326 2293 521 2356 quacumque
542 2272 595 2353 ι1)
636 2277 799 2358 provincia
833 2275 985 2339 Kalendis
1019 2273 1252 2340 Novembribus

98 2361 264 2424 concilium
284 2359 469 2422 celebraturi
491 2359 690 2422 conveniant.
728 2359 879 2443 Quisquis
901 2370 1006 2424 autem
1028 2363 1060 2425 in
1081 2361 1253 2444 praedictis

97 2445 251 2508 Kalendis
271 2445 501 2508 Novembribus
521 2441 577 2526 pro
601 2447 809 2509 celebratione
831 2448 944 2532 synodi
959 2449 1068 2510 venire
1089 2445 1253 2532 distulerit,

98 2531 410 2596 excommunicationi
431 2531 557 2594 debitae
579 2532 764 2614 subjacebit.
1235 2535 1240 2543 ⁴

94 2711 98 2718 ’
184 2719 372 2782 Praemissis
398 2719 448 2781 his
475 2720 617 2783 omnibus
643 2717 846 2806 synodalibus
867 2721 987 2804 gestis,
1016 2739 1098 2801 quae
1117 2703 1254 2798 honesti)

100 2805 297 2869 decretorum
323 2806 386 2867 fine
415 2807 666 2890 complevimus,
693 2815 877 2888 perpetuum
905 2807 955 2867 his
982 2807 1074 2868 robur
1099 2825 1156 2886 per
1183 2808 1255 2866 ma'-

99 2911 194 2954 nuum
215 2899 390 2956 nostrarum
408 2891 670 2972 subscriptionem
691 2893 901 2973 annectimus,
929 2890 1043 2954 dantes
1072 2891 1105 2952 in
1121 2890 1176 2968 Η)
1203 2892 1254 2952 his

102 2979 233 3060 gloriam
253 2985 287 3037 et
307 2978 455 3038 bonorem
477 2977 639 3040 immortali
661 2978 721 3041 deo
747 2988 782 3040 et
809 2979 932 3040 domino
960 2987 1083 3058 nostro,
1100 2995 1174 3057 .quo
1203 2977 1255 3036 in·

103 3063 242 3142 spirante
264 3071 298 3123 et
320 3061 585 3125 determinationis
607 3074 734 3127 nostrae
756 3065 914 3127 sententia
935 3065 1039 3147 viguit
1062 3071 1096 3124 et
1115 3063 1255 3143 probitas

103 3167 267 3212 causarum
288 3147 420 3210 honesto
443 3166 480 3210 se
494 3149 548 3228 Η)
569 3149 632 3212 line
654 3151 839 3232 complevit,
860 3148 951 3230 cujus
965 3149 1025 3229 16)Ι
1046 3157 1177 3212 sanctae
1198 3147 1256 3208 tri-

104 3235 211 3296 nitatis
233 3233 393 3314 poscimus
414 3234 617 3297 inenarrabile
638 3257 753 3299 nomen
766 3241 820 3314 11)
848 3244 882 3296 et
903 3235 1070 3316 gloriosam
1091 3231 1257 3294 ineffabilis

103 3321 261 3402 potentiae
282 3319 497 3400 majestatem,
525 3329 561 3383 ut
587 3323 642 3383 det
671 3322 800 3384 amatori
827 3320 944 3383 Christi
969 3319 1168 3381 serenissimo
1196 3317 1257 3380 do'-

102 3406 184 3468 mino
212 3414 318 3466 nostro
346 3413 442 3486 atque
470 3407 683 3469 amantissimo
710 3405 840 3488 Ervigio
867 3405 1020 3488 principi,
1049 3403 1139 3484 cujus
1163 3401 1258 3485 jussu

104 3490 144 3554 ad
173 3491 257 3552 hunc
283 3492 451 3552 meruimus
479 3489 626 3556 advocari
654 3501 865 3576 conventum,
894 3492 1046 3571 imperare
1076 3491 1257 3570 clementer,

104 3593 237 3656 regnare
273 3575 430 3656 feliciter,
460 3575 577 3639 habere
609 3577 648 3640 de
681 3579 848 3640 clementia
874 3573 1023 3660 fructum,
1052 3577 1191 3639 obtinere
1217 3576 1258 3637 de

103 3658 227 3740 justitia
253 3661 442 3740 praemium,
472 3661 512 3726 de
535 3665 653 3744 pietate
674 3665 880 3746 trophaeum,
911 3681 972 3744 quo
995 3672 1029 3724 et
1048 3662 1101 3724 hic
1121 3663 1259 3724 invictus

106 3745 208 3806 victor
235 3745 370 3806 hostium
398 3763 522 3828 semper
549 3759 716 3830 appareat,
744 3759 776 3811 et
805 3758 878 3830 post
905 3748 1048 3810 diuturna
1072 3745 1165 3826 hujus
1186 3747 1259 3808 aevi

105 3831 257 3892 curricula
279 3830 319 3892 ad
341 3850 473 3914 regnum
495 3843 643 3896 aeternae
663 3837 750 3896 vitae
766 3834 820 3914 11)
849 3851 919 3896 cum
950 3835 1018 3896 sois
1039 3833 1179 3894 omnibus
1200 3849 1260 3894 oo-

105 3916 261 3978 ronandus
288 3918 469 3998 perveniat,
496 3927 680 4002 praestante
708 3919 768 3982 deo
795 3927 830 3982 et
850 3919 1010 3982 salvatore
1028 3917 1112 3980 Jesu
1133 3917 1260 3980 Christo

106 3999 226 4063 domino
257 4011 383 4084 nostro,
412 4004 466 4086 qui
495 4025 566 4069 cum
591 4005 651 4070 deo
679 4015 770 4088 patre
797 4013 832 4072 et
858 4013 970 4070 sancto
999 4004 1110 4087 spiritu
1126 4023 1208 4068 unus
1228 4004 1260 4066 in

108 4156 305 4177 *-

140 4251 168 4319 ¹)
186 4255 352 4306 idololatriae
367 4256 406 4309 M.
446 4284 481 4294 -
530 4255 559 4322 1)
576 4257 715 4309 inserviunt
730 4257 769 4308 M.
803 4285 839 4297 -
890 4259 920 4330 ⁸)
938 4261 1064 4311 invectam
1080 4267 1110 4322 ut
1127 4259 1155 4311 in
1173 4277 1207 4311 nr.
1224 4260 1262 4312 M.

140 4323 170 4390 ⁴)
189 4339 302 4375 errorem
320 4334 472 4378 emacrtrrrmt
492 4325 518 4376 in
537 4333 555 4377 t.
561 4363 570 4390 ,
592 4326 721 4378 bonorem
740 4330 890 4393 incurrunt,
924 4333 957 4382 al.
975 4330 1155 4381 acclamantia
1173 4345 1207 4380 m.
1224 4331 1263 4382 M.

142 4393 172 4458 1)
189 4396 278 4445 arolrmt
295 4396 333 4446 M.
362 4425 398 4435 ·-
434 4395 464 4463 ⁸)
481 4397 551 4461 repis
567 4395 604 4447 M.
634 4425 670 4435 -
705 4396 734 4462 1)
752 4399 833 4450 seM.
864 4427 900 4437 -
935 4399 1107 4466 ⁸)uoloeriat
1124 4399 1152 4450 in
1171 4417 1205 4450 ro.
1222 4400 1261 4452 M.

141 4462 170 4528 ο)
186 4465 505 4528 1(ι·(“(ιιιτι(ι..ιι1ιι“ιο(ιιιίιιν
520 4464 634 4517 ibid.-
659 4466 708 4533 ¹⁰)
725 4476 812 4519 sancto
826 4466 891 4521 ibid.
908 4498 943 4509 --
971 4469 1019 4535 11)
1037 4470 1152 4536 prienam
1165 4471 1264 4536 epicam

174 4548 265 4596 porram
282 4537 442 4600 stupidorum
458 4536 646 4602 prouinciarum
663 4537 782 4587 instituto
802 4535 866 4590 ibid.
917 4564 952 4578 -
995 4539 1043 4605 11)
1061 4553 1209 4606 rrrrcqacpce
1226 4541 1263 4592 Μ.

126 4599 392 4666 1³)proinrn.M.
438 4635 473 4645 —
526 4606 574 4671 11)
595 4621 623 4657 se
639 4607 779 4658 on1.aM.
823 4636 858 4645 -
909 4607 1193 4674 ¹⁵)uruleinn1.lll.
1229 4640 1265 4650 -

126 4671 174 4737 11)
193 4686 283 4724 nantes
300 4673 364 4726 ibid.
409 4705 443 4716 --
497 4675 545 4743 11)
564 4677 597 4726 cd
614 4692 716 4742 reperim
735 4683 864 4728 aeternam
882 4675 908 4728 in
927 4695 961 4730 m.
979 4678 1016 4730 M.
1052 4707 1087 4718 -·
