2880 5050
318 213 560 282 Obscurum
580 212 850 280 rotumum
869 215 970 280 xvu.
1155 213 1220 282 383

14 435 17 470 ι
59 406 189 458 summa
211 383 291 452 ratio
313 386 403 470 cogit
423 384 528 449 valida
548 383 610 448 illis
631 384 803 449 intentione
823 385 986 469 resistere,
1013 401 1086 452 oum
1104 387 1137 450 in
1158 389 1220 451 ali·

60 479 180 560 quibus
201 467 469 552 mundi'partibus
490 473 568 534 alios
590 469 778 548 dicuntum)
796 480 905 534 contra
924 491 1001 534 suos
1022 473 1219 537 Christianos

14 609 16 634 ι
59 563 223 644 principes
250 558 443 638 resultasse,
469 557 636 636 plerosque
661 575 737 617 vero
762 553 850 634 justo
870 557 922 618 dei
945 555 1062 636 judicio
1083 577 1103 619 a
1124 559 1219 621 Chri-

14 639 15 642 *
63 644 188 710 stioolis
210 641 339 724 regibus
360 643 566 722 interemptos
582 639 697 723 fuisse3
717 641 900 720 praesertim
917 643 989 722 quia
1004 661 1103 722 nuper
1116 645 1219 705 mani-

14 781 15 814 ,
62 732 159 794 festis
182 727 432 791 confessionibus
450 726 576 788 indubie
602 725 777 786 invenimus
792 724 826 804 ²)
852 727 911 788 bos
937 726 969 786 in
995 729 1219 791 transmarimis

61 817 208 898 partibus
224 813 389 876 Hebraeos
406 811 484 874 alios
501 811 708 892 consuluisse,
725 819 761 872 ut
781 812 965 873 unanimiter
985 821 1095 875 contra
1114 823 1219 896 genus

15 959 16 968 ,
64 900 283 964 Christianum
299 905 432 978 agerent
448 898 677 976 praestolantes
690 895 872 976 perditionis
888 915 966 958 suae
982 905 1115 979 tempus,
1137 916 1219 978 qua·
1278 940 1282 950 -

14 1043 15 1074 ,
65 988 141 1048 liter
160 985 261 1066 ipsius
280 982 478 1044 Christianae
502 981 575 1044 fidei
595 981 735 1062 regulam
756 980 981 1060 depravarent:
1004 983 1086 1062 quod
1108 991 1141 1043 et
1162 1001 1219 1063 per

54 1069 201 1132 'easdem
228 1067 443 1148 professiones
471 1085 552 1146 quae
572 1067 690 1126 vestris
711 1065 837 1127 auribus
857 1075 931 1128 sunt
950 1067 1137 1128 reserandae
1158 1087 1219 1148 pa-

66 1155 158 1216 tebit.
189 1155 273 1216 Nam
289 1161 322 1214 et
338 1149 534 1230 aprimordio
552 1149 831 1238 nostrigregiminis
847 1158 937 1212 tanta
957 1153 1015 1213 fuit
1034 1171 1091 1234 pro
1112 1169 1219 1214 eorum
1314 1176 1325 1187 ·

69 1241 278 1304 conversione
304 1234 553 1298 mansuetudinis
578 1243 706 1296 nostrae
732 1235 881 1316 intentio,
908 1245 944 1298 ut
964 1255 1026 1297 non
1046 1239 1147 1299 solum
1168 1237 1221 1300 di-

68 1325 175 1386 versis
194 1320 449 1404 persuasionibus
462 1319 497 1399 3)
526 1339 583 1381 eos
604 1319 645 1380 ad
665 1318 759 1381 fidem
780 1319 899 1384 Christi
919 1321 1099 1402 pertrahere
1120 1341 1221 1384 cona-

66 1427 192 1488 remur,
223 1426 334 1468 verum
363 1407 459 1468 etiarn
480 1414 513 1466 et
533 1404 687 1484 mancipia
707 1403 906 1486 Christiana,
939 1423 1020 1488 quae
1040 1407 1158 1486 pridem
1180 1409 1220 1469 ob

66 1511 160 1558 suam
181 1491 341 1572 perfidiam
361 1511 418 1571 per
437 1491 520 1571 legis
541 1487 679 1551 ordinem
699 1489 912 1572 carueruntl),
931 1510 973 1568 ex
989 1493 1221 1572 tranquillitatis

70 1587 201 1642 nostrae
221 1577 349 1642 decreto
371 1577 555 1656 reciperent,
576 1575 768 1636 solummodo
789 1584 825 1634 ut
844 1594 901 1655 per
921 1595 1017 1638 verae
1036 1579 1222 1640 conversio-a

69 1665 123 1725 nis
137 1660 172 1740 5)
208 1661 401 1742 propositum
432 1661 565 1739 expulsa
592 1660 699 1741 procul
729 1657 833 1722 cordis
851 1659 994 1742 *perfidia
1023 1680 1083 1724 eos
1112 1664 1222 1726 matris

71 1749 163 1812 sinus
191 1747 349 1808 ecclesiae
376 1744 545 1826 adoptivos
570 1746 739 1824 exciperet.
780 1745 848 1808 Sed
875 1755 910 1807 et
934 1766 991 1826 per
1018 1748 1171 1810 cautionis
1185 1747 1221 1826 ο)

71 1833 188 1896 seriem
210 1829 385 1911 jusjurandi
399 1829 432 1907 ²)
461 1831 667 1892 attestatione
693 1830 826 1892 subnixa
851 1832 1046 1912 spondentes
1066 1853 1127 1896 nec
1147 1842 1222 1896 tan-

69 1917 144 1982 dem
170 1919 324 1996 promissa
351 1916 604 1996 compleverunt,
631 1913 689 1976 sed
714 1916 792 1977 ritus
820 1924 853 1976 et
878 1919 1092 1979 caeremonias
1112 1919 1223 1981 solitas

68 2003 178 2083 procul
199 2001 291 2064 dubio
312 2001 420 2081 egisse
440 2002 585 2079 perventi
604 2008 687 2062 sunt.
728 2001 771 2062 Ilt
797 2000 870 2080 quia
897 2000 1022 2063 divinae
1050 2004 1223 2065 voluntatis

34 2105 45 2120 “
69 2088 199 2167 imperio
221 2086 373 2148 reservati
394 2093 469 2146 sunt
489 2085 580 2166 regni
599 2085 699 2146 nostri
718 2093 860 2164 tempore
879 2087 1075 2168 corrigendi,
1104 2105 1224 2150 neces-

74 2173 191 2236 sarium
212 2171 278 2232 fore
298 2179 406 2232 nostra
427 2169 591 2250 perpendit
611 2170 826 2250 tranquillitas,
847 2179 882 2232 ut
902 2180 1010 2232 vestro
1031 2181 1224 2235 nostrorum-

73 2276 136 2338 que
168 2256 349 2335 optimatum
381 2255 521 2336 generali
551 2263 708 2316 conventu
737 2272 842 2314 eorum
871 2257 1009 2336 nequitia
1037 2260 1223 2336 quantocius

72 2341 282 2419 refraenetur,
311 2358 372 2420 quo
400 2340 573 2419 opitulante
589 2337 622 2417 Ι)
652 2338 779 2399 Christo
808 2339 964 2419 extirpata
985 2341 1122 2420 ipsorum
1143 2361 1224 2405 con-

73 2426 179 2488 festim
215 2425 365 2504 nequitia·
387 2424 599 2496 Christianum
630 2441 743 2484 nomeu
775 2423 893 2502 polleat
925 2432 957 2485 et
992 2423 1112 2488 Christi
1142 2426 1223 2488 fides

73 2510 192 2572 infinite
226 2511 403 2589 clarescat,
441 2527 482 2570 ne
513 2517 585 2570 tunc
613 2506 757 2568 videatur
785 2514 893 2568 tantae
919 2507 1068 2588 perfidiae
1095 2511 1223 2592 obviari,

75 2594 199 2676 quando
222 2595 391 2656 ecclesiam
410 2594 597 2656 catholicam
617 2610 723 2654 eorum
743 2590 946 2672 dignoscatur
967 2591 1145 2657 adversitas
1162 2597 1224 2657 im-

73 2699 224 2762 pugnare.
272 2680 316 2740 Ut
348 2697 425 2760 ergo
461 2687 526 2740 tam
558 2677 624 2738 dira
655 2676 882 2738 incredulitatis
916 2681 1108 2758 perversitas
1135 2681 1236 2748 victa,

73 2766 255 2845 dispereat,
292 2772 348 2827 aut
375 2762 519 2844 synodali
544 2763 762 2824 emendatione
787 2780 807 2822 a
833 2764 985 2841 parentali
1011 2764 1225 2828 refraenentur

74 2870 196 2929 errore,
225 2857 281 2910 aut
308 2849 337 2912 si
362 2849 468 2928 placet
496 2847 637 2909 uniformi
662 2853 772 2908 vestra
799 2849 956 2908 sententia
975 2849 1056 2911 falce
1077 2859 1226 2914 maneant

69 2934 214 3013 justitiae
235 2933 395 3014 desecati,
416 2933 465 3022 sic
486 2951 611 3014 quoque
630 2940 666 2994 ut
687 2929 760 3012 quid
781 2931 820 2992 de
842 2932 902 2993 illis
924 2935 1109 3018 cunctisque
1130 2937 1225 2998 rebus

74 3022 212 3099 ipsorum
239 3037 336 3100 agere
365 3019 534 3098 conveqiat
561 3017 713 3079 canonica
732 3017 833 3078 vestri
853 3026 966 3080 coetus
985 3021 1144 3082 sententia
1163 3039 1226 3101 pa-

75 3105 156 3165 tenti
183 3104 268 3185 stylo
292 3103 486 3182 constituat,
518 3101 602 3184 quod
633 3111 761 3164 nostrae
794 3103 878 3184 legis
911 3123 1045 3166 censura
1071 3107 1225 3186 perpetim

75 3188 190 3257 stabile
211 3207 336 3252 manere
357 3187 524 3268 decernat,
545 3188 606 3250 illis
626 3186 817 3248 tantumdem
838 3187 993 3250 Hebraeis
1013 3189 1053 3250 ad
1074 3207 1226 3268 praesens

74 3273 271 3350 reservatis,
307 3271 359 3352 qui
395 3269 519 3334 Galliae
556 3273 736 3352 provinciae
771 3270 922 3334 videlicet
951 3274 1032 3334 intra
1063 3275 1226 3338 clausuras
1301 3345 1304 3364 ,

75 3366 247 3443 noscuntur
272 3357 466 3422 habitatores
493 3359 630 3421 existere
655 3357 709 3418 vel
737 3355 783 3416 ad.
799 3356 947 3419 ducatum
966 3359 1106 3438 regionis
1125 3360 1227 3440 ipsius

74 3445 259 3523 pertinere,
272 3450 311 3506 ut
340 3443 413 3522 quia
440 3443 567 3505 delictis
585 3441 800 3524 ingruentibus
819 3440 855 3502 'et
875 3451 1026 3504 externae
1047 3446 1153 3524 gentis
1174 3445 1228 3505 in-

76 3545 172 3589 cursu
191 3535 225 3588 et
244 3527 359 3608 plagae
379 3526 548 3610 inguinalis
566 3527 692 3588 interitu
712 3526 831 3606 passim
844 3524 877 3604 9)
899 3527 970 3607 ipsa
990 3528 1029 3589 ab
1051 3529 1227 3593 bominibus

14 3675 16 3680 ,
75 3609 220 3678 desolata
233 3609 436 3695 dignoscitur,
453 3632 524 3676 cum
545 3612 686 3674 omnibus
706 3611 804 3672 rebus·
822 3613 890 3672 suis
910 3613 942 3672 in
963 3611 1113 3696 suffragio
1135 3615 1226 3677 ducis
1250 3618 1252 3622 ’

76 3705 180 3760 terrae
211 3696 309 3774 ipsios
345 3697 486 3762 existant
519 3705 553 3770 et
584 3695 717 3776 publicis
750 3695 939 3758 utilitatibus
969 3699 1142 3777 profectum
1175 3701 1228 3761 in-

74 3789 260 3848 cunctanter
287 3783 473 3863 exhibeant,
499 3782 544 3845 ita
572 3789 607 3842 ut
633 3779 806 3844 seeundum
834 3788 966 3842 sanctae
992 3781 1067 3844 fidei
1085 3785 1227 3867 regulam

71 3875 109 3928 ut
128 3884 205 3929 vere
227 3865 437 3932 Christicolae
457 3868 554 3930 vitam
580 3883 671 3928 suam
699 3867 873 3946 corrigant,
903 3873 938 3928 et
964 3883 1087 3946 ornnem
1110 3873 1228 3952 genui—

72 3970 135 4020 nae
156 3947 393 4018 'incredulitatis
414 3969 554 4017 'errorem
581 3971 601 4012 a
630 3950 698 4012 suis
725 3950 870 4013 cordibus
897 3951 1023 4032 pellant
1078 3952 1175 4031 Quod·
1197 3957 1227 4018 si

72 4034 185 4098 amodo
206 4035 260 4096 vel
281 4036 312 4096 in
333 4036 489 4120 modicum
503 4035 558 4106 1⁰)
588 4035 709 4098 detecti
728 4036 842 4098 fuerint
863 4045 995 4099 sanctae
1015 4037 1090 4100 fidei
1110 4039 1228 4120 depra-

70 4131 203 4188 vatores
230 4117 387 4203 existere,
417 4124 499 4188 illico
528 4121 569 4184 de
598 4129 683 4184 terra
710 4121 781 4202 ipsa
807 4123 939 4201 promoti
965 4123 1077 4190 eadem
1105 4139 1168 4206 qua
1193 4132 1230 4193 et

156 4355 258 4407 arcaea
274 4357 311 4408 or.
353 4380 393 4396 -»
437 4347 641 4424 spernentes
657 4355 695 4406 or.
736 4383 772 4395 -
817 4355 845 4424 ι)
863 4355 1025 4408 surranum
1041 4356 1078 4408 m.
1113 4381 1148 4396 -
1184 4345 1188 4350 '
1229 4343 1234 4356 '

153 4433 289 4478 caruerunt
306 4425 344 4478 M.
380 4455 423 4484 -,,
452 4427 481 4495 ⁵)
499 4426 697 4490 renumerationis
715 4424 748 4477 Ε.
760 4424 787 4476 4.
815 4455 850 4468 -
887 4424 916 4491 θ)
934 4427 1095 4482 tornationis
1107 4425 1138 4478 E.
1148 4425 1176 4477 ’4.
1190 4443 1227 4470 ³-

148 4491 323 4562 jurisjurando·
339 4493 378 4548 M.
420 4525 455 4538 -
498 4495 528 4565 ⁸)
546 4501 697 4563 commeate
711 4495 750 4548 Μ.
786 4525 821 4536 -
862 4493 891 4562 ⁹)
909 4510 971 4561 pora
985 4495 1024 4550 Μ.
1058 4523 1093 4548 ,-
1131 4497 1181 4564 1⁰)
1200 4498 1227 4547 ιἰι

139 4564 236 4614 modico
253 4565 291 4618 M.
328 4593 363 4604 -
