2880 5050
232 231 301 300 888
484 231 724 300 noscuntur
742 231 1014 302 'l'Offl'l'ANUM
1034 234 1141 302 xvu-

237 405 296 488 prii
309 403 341 485 ι)
369 403 543 487 deponatur
570 403 686 468 ordinis
714 400 815 488 gradu
822 448 833 488 ,
860 413 896 468 et
923 414 987 470 tam
1015 406 1084 490 ipse
1113 402 1288 473 sacerdos
1323 425 1408 488 qunn

239 493 334 554 etiam
355 491 406 554 ille
428 491 480 573 qui
502 489 618 569 eum2)
647 489 687 554 ad
707 491 784 552 talia
802 493 984 576 peragenda
1004 491 1156 556 incitasse
1178 493 1405 573 perpenditur,

239 577 325 640 exilii
343 577 486 658 perpetui
506 577 665 659 ergastulo
687 577 811 660 religati
826 577 878 657 ⁸),
908 586 1044 658 excepto
1073 577 1104 638 in
1133 597 1302 658 supremo
1327 581 1405 640 vitae

239 661 408 742 curriculo,
435 663 559 724 cunctis
585 662 671 724 vitae
700 680 779 724 suae
807 661 918 728 diebus
946 682 1057 726 sacrae
1086 665 1338 726 communionis
1367 665 1402 725 eis

239 747 416 831 denegetur
439 749 621 828 perceptio,
651 766 744 830 quam
771 747 894 812 domine
917 768 954 812 se
976 747 1174 813 crediderunt
1194 749 1403 814 fraudulento

237 833 395 900 delibasse
415 831 528 894 studio.
782 909 829 978 VI

324 999 518 1084 Quamquam
543 1001 714 1083 priscorum
740 1009 862 1082 patrum
889 1002 1043 1064 institutio
1068 1022 1125 1086 per
1150 1009 1266 1066 totum
1291 1007 1397 1068 annun

239 1106 296 1172 per
327 1089 518 1171 singulorum
552 1088 704 1152 mensium
736 1105 860 1150 cursum
893 1087 1066 1152 litaniarum
1099 1097 1178 1150 vota
1213 1089 1395 1154 decreverit

238 1171 498 1256 persolvendum,
519 1189 580 1232 nec
599 1179 705 1234 tamen
724 1172 904 1253 specialiter
923 1175 1078 1252 sanxerit,
1096 1193 1152 1254 pro
1172 1177 1302 1256 quibus
1325 1196 1395 1239 catr-

240 1259 287 1324 sis
308 1255 338 1318 id
359 1257 460 1338 ipsum
487 1255 531 1318 sit
558 1254 784 1338 peragendum,
812 1263 918 1318 tamen
944 1255 1018 1337 quia
1042 1267 1239 1338 cooperante
1271 1261 1393 1320 humaui

240 1342 368 1427 generis
387 1340 567 1404 adversario
586 1341 684 1402 multa
704 1340 832 1402 inolevit
853 1341 1013 1403 oberrandi
1033 1339 1235 1406 consuetudo
1267 1351 1304 1404 et
1325 1343 1392 1424 jus-

236 1425 360 1510 jurandi
374 1426 409 1505 ι)
437 1427 663 1506 transgressio,
692 1425 763 1487 ideo
780 1424 952 1488 secuudum
974 1427 1226 1508 evangelistam,
1259 1429 1313 1510 qui
1328 1431 1390 1489 ait·

246 1512 387 1596 Vigilate
409 1519 442 1574 et
464 1519 553 1574 crete
573 1532 613 1574 ne
640 1513 769 1574 intretis
796 1512 831 1572 in
859 1514 1069 1574 tentationem
1083 1510 1133 1594 ⁵),
1161 1511 1197 1572 in
1228 1532 1385 1575 commune

239 1607 420 1664 statuentes
436 1595 632 1660 decernimus
651 1606 687 1658 ut
708 1595 858 1675 deinceps
879 1616 934 1676 per
954 1605 1053 1658 totum
1074 1615 1186 1658 annum
1210 1597 1247 1658 in
1272 1600 1390 1662 cunctis

239 1669 411 1750 duodecim*
430 1683 591 1744 mensibus
613 1701 668 1763 per
687 1681 851 1742 universas
872 1680 1045 1760 Hispaniae
1065 1692 1098 1744 et
1119 1679 1303 1746 Galliarum
1324 1705 1389 1766 pro·

239 1771 361 1834 vineias
383 1789 437 1849 pro
460 1776 546 1830 statu
567 1768 724 1830 ecclesiae
738 1765 798 1847 dei,
814 1786 868 1846 pro
885 1767 1096 1828 incolumitate
1117 1767 1277 1848 principis
1299 1770 1389 1832 nostri

239 1864 336 1937 atque
348 1854 523 1918 salvatione
536 1853 640 1933 populi
653 1861 687 1914 et
704 1851 895 1934 indulgentia
910 1854 1008 1916 totius
1020 1853 1145 1934 peccati
1163 1861 1196 1914 et
1220 1872 1242 1915 a
1257 1865 1389 1918 cuncto-

240 1960 308 2008 rnm
333 1939 470 2002 fidelium
494 1937 640 2002 cordibus
667 1938 849 2020 expulsione
874 1937 1007 2019 diaboli,
1037 1937 1281 2020 exomologesis
1312 1943 1387 2002 votis

240 2025 447 2110 gliscentibus
467 2023 642 2085 celebretur
652 2022 685 2100 ο)
692 2067 702 2102 ,
724 2031 879 2103 quatenus
899 2023 971 2086 dum
991 2023 1169 2106 generalem
1189 2027 1388 2108 omnipotens

240 2111 383 2174 dominus
402 2107 604 2170 afflictionem
624 2109 837 2190 perspexerit,
860 2115 893 2168 et
913 2107 1037 2172 delictis
1057 2109 1199 2171 omuibus
1220 2111 1387 2174 miseratus

237 2195 418 2276 indulgeat,
446 2201 480 2254 et
505 2192 680 2256 saevientis
701 2191 814 2256 diaboli
834 2193 1037 2259 incitamenta
1057 2195 1096 2258 ab
1117 2193 1232 2260 animis
1255 2199 1387 2261 omniun

236 2279 345 2362 procul
364 2277 489 2342 efficiat
777 2363 809 2426 V

322 2451 605 2516 Praeeminentium
627 2447 811 2510 exercitium
831 2467 871 2512 ac
892 2447 1069 2512 devotionis
1088 2459 1221 2514 sanctae
1242 2451 1388 2532 studium,

238 2537 312 2600 dum
338 2557 414 2600 sese
440 2557 496 2618 per
520 2535 646 2600 diversa
673 2534 743 2613 piae
758 2532 791 2611 ')
820 2533 1010 2614 operationis
1033 2544 1128 2618 gesta
1157 2536 1332 2620 diffundit,
1362 2547 1387 2600 et

239 2623 479 2686 emolumentum
506 2621 632 2683 sibimet
657 2617 809 2700 conquirit
835 2619 961 2682 virtutis
987 2629 1021 2684 et
1046 2622 1127 2684 bene
1155 2623 1315 2703 operandi·
1333 2625 1386 2686 ad-

238 2701 708 2792 niteoineenuvum-subjectis
720 2748 731 2784 ,
758 2704 803 2766 ita
822 2724 937 2786 nempe
954 2713 990 2770 ut
1003 2703 1037 2786 ⁸)
1058 2727 1115 2788 pro
1138 2725 1176 2768 eo
1198 2708 1287 2790 quod
1309 2710 1385 2770 bene

239 2793 344 2874 gessit
362 2793 496 2872 recipiat
516 2809 535 2854 a
555 2790 615 2854 deo
637 2788 830 2872 mercedem,
859 2789 939 2869 et⁹)
966 2809 1021 2872 pre
1043 2811 1082 2852 ec
1103 2791 1186 2874 quod
1208 2791 1250 2856 ad
1272 2795 1385 2858 bonum

239 2878 318 2943 alios
349 2877 493 2941 incitavit
523 2877 631 2938 statim
663 2877 824 2956 recepisse
856 2875 996 2958 gaudeat
1029 2877 1238 2940 retributionis
1272 2881 1384 2942 vicem.

238 2961 436 3046 Quapropter
464 2961 536 3026 dum
565 2961 743 3041 principalis
768 2961 942 3026 sublimitas
970 2961 1046 3024 talia
1071 2964 1155 3045 agit,
1182 2965 1383 3046 perspicuum

238 3056 345 3112 estut
366 3069 387 3112 a
405 3058 517 3115 sancta
536 3043 675 3108 ecclesia
694 3055 878 3128 prorogetur
898 3047 928 3108 ei
947 3047 1196 3128 vicissitudo¹⁰)
1217 3051 1383 3132 mercedis,

236 3152 293 3200 cur
314 3134 455 3198 eamdem
466 3133 645 3196 ecclesiam
665 3130 838 3210 studet11)
854 3151 1004 3204 exornare
1023 3135 1168 3213 operibus
1180 3132 1293 3217 justis,
1305 3156 1382 3218 qua·

237 3227 332 3282 tenus
359 3227 394 3283 et
418 3221 469 3284 ille
496 3217 537 3280 ad
551 3219 638 3296 ¹bene
659 3214 816 3298 agendum
834 3219 1002 3298 promptior
1021 3219 1125 3302 magis
1144 3221 1312 3302 magisque
1333 3222 1381 3284 ef·

236 3303 378 3386 liciatur,
406 3314 440 3367 et
466 3303 658 3368 subditorum
676 3303 798 3364 animus
818 3304 954 3384 gratuita
972 3304 1156 3380 invitatione
1175 3307 1309 3390 amplius
1328 3327 1379 3368 ro-

235 3391 369 3454 boretur.
409 3392 461 3452 Ac
481 3389 609 3472 promde
632 3389 704 3469 quia
724 3387 897 3470 religiosus·
909 3405 951 3451 ec
964 3389 1215 3470 gloriosissimus
1236 3392 1378 3472 princeps

130 3479 131 3482 ’
235 3483 343 3538 noster
368 3475 472 3558 ligicu
498 3495 556 3538 rex
581 3474 652 3536 uelo
672 3473 783 3539 zelans
803 3491 858 3553 pro
877 3473 1085 3542 domino-deo
1107 3478 1300 3544 exercituum
1314 3475 1377 3536 ini·

235 3561 336 3641 mices
363 3579 459 3624 verae
485 3557 582 3641 fidei,
614 3557 667 3640 qui
694 3557 819 3621 diversa
845 3559 970 3622 actione
996 3550 1178 3625 maluerunt
1201 3558 1378 3645 ¹catholicae

236 3645 431 3710 credulitatis
451 3654 568 3710 statum
588 3650 739 3706 evertere·
754 3647 787 3706 et
802 3640 1015 3726 jusjurandi⁴)
1032 3647 1287 3728 profanationem,
1308 3647 1377 3710 dum

234 3732 487 3796 caerimoniarum
504 3749 629 3794 suerum
652 3729 729 3792 ritus
749 3737 858 3792 contra
878 3747 968 3794 suam
986 3731 1239 3811 pollicitationem
1258 3734 1377 3794 malue-

233 3826 306 3897 runt
324 3837 462 3898 servare,
477 3817 539 3880 visi
559 3823 633 3880 sunt
652 3813 827 3895 iucurrisse,
844 3815 887 3878 ita
906 3824 994 3878 racto
1011 3813 1123 3896 judicii
1141 3818 1264 3880 tramite
1284 3817 1374 3902 digna
1420 3819 1421 3838 ¹

235 3903 370 3966 cernitur
395 3905 513 3965 ultione
540 3909 721 3982 percutere,
741 3909 905 3980 ,qnatenus
925 3910 958 3964 et
979 3900 1119 3982 injuriam
1138 3903 1244 3986 erucis
1262 3897 1374 3966 christi
1420 3947 1421 3964 r

232 3984 424 4068 vindicaret,
445 3995 485 4048 et¹
500 3995 618 4048 statum
637 3983 736 4048 totins
755 3993 886 4048 sanctae
908 3987 1065 4053 ecclesiae
1086 3997 1304 4072 conservaret,
1328 3998 1377 4054 at·
1420 3985 1421 3994 ’

233 4091 296 4155 que
318 4073 413 4154 genti
443 4089 482 4134 uc
511 4071 631 4152 patriae
661 4087 739 4148 suae
772 4067 963 4148 defensionis
996 4073 1165 4137 munimina
1197 4075 1378 4156 necessaria
1420 4097 1421 4102 ¹

231 4157 420 4239 provideret.
461 4157 535 4218 ldeo
565 4175 624 4220 nos
651 4173 706 4236 pro
733 4163 783 4216 tot
803 4163 838 4218 et
857 4157 953 4221 tantis
970 4157 1153 4240 beneficiis,
1177 4159 1290 4240 quibus
1312 4167 1375 4222 tam

268 4339 297 4402 1)
314 4341 420 4408 proprio
446 4337 516 4405 (orn.
534 4355 599 4392 voce
621 4335 735 4420 utimr)
758 4337 795 4389 M.
847 4367 882 4379 -
935 4340 965 4408 ²)
984 4357 1040 4394 eum
1056 4341 1132 4394 deest
1149 4357 1191 4410 ap.
1206 4341 1244 4393 M.
1276 4371 1312 4382 -

268 4408 517 4478 ³)relegstiiu1t,
540 4411 662 4476 relegetis
681 4423 712 4460 ru
727 4424 764 4460 m.
782 4409 819 4461 M.
866 4417 916 4454 κ’
952 4409 983 4476 ⁴)
1000 4412 1236 4480 jruiejuruudl'll·
1270 4439 1304 4454 -··

201 4581 203 4588 .
267 4479 407 4601 ‘lamii‘
425 4479 558 4602 ²⁰18«ssss
572 4509 621 4616 ἶ)
639 4475 1169 4616 tltmlltt'tstttttttlv
1184 4479 1371 4618 {eddim

245 4618 293 4684 Ν)
311 4565 466 4670 tdddeeeldrldo
482 4584 519 4670 lli¹
554 4645 589 4656 ·-
629 4583 1103 4684 11)ebm‹tem.seetetareuaatlt
1125 4567 1196 4675 ..ἱ-ξ’·
1299 4585 1309 4652 u·
