2880 5050
231 239 297 309 30⁰
478 237 721 316 OONClLlUM
744 171 1014 314 wisuram
1033 235 1135 316 xtn.

202 431 206 444 ’
235 429 310 474 veru
330 427 405 474 sese
426 409 593 474 incurrisse
613 409 743 492 lugeant
763 405 1038 480 animadversionis
1052 405 1242 489 jacturam,
1282 405 1350 486 qui
1367 422 1416 492 prr,

237 497 300 562 alia
317 515 378 560 sua
397 498 517 560 scelera
536 515 598 558 non
618 495 720 558 solum
739 502 855 580 statum
875 495 1034 566 ecclesiae
1060 493 1260 573 proturbare
1282 490 1322 570 ¹)
1352 495 1416 562 mar-l

236 582 368 662 luerunt,
380 601 490 646 vemm
511 583 605 645 etiem
625 599 705 642 ansu
725 581 887 662 tyrannico
908 579 1020 646 inferre
1044 579 1150 654 conati
1171 585 1266 655 aput
1293 575 1416 640 rutum*

237 667 356 750 patriae
377 686 417 732 ac
437 667 550 748 populo
572 665 739 747 universo,
766 668 812 728 ita
837 685 950 746 nempe
977 671 1013 726 ut
1033 682 1124 726 suum
1145 663 1254 744 quasi
1281 670 1403 742 tempo

237 754 399 818 iuvenisse
418 752 597 836 gaudentes
617 750 760 814 diversas
780 751 811 814 iu
837 748 1057 828 catholicos2)
1085 757 1300 814 exercerent
1328 758 1403 810 stra·

238 857 309 922 ges.
350 838 441 902 Unde
467 838 602 902 crudelis
621 845 654 898 et
673 836 829 918 stupenda
857 837 1067 918 praesumptio
1095 833 1285 898 crudeliori
1316 833 1399 898 debet

239 925 387 1006 extirpari
405 923 580 1006 supplicio,
611 928 643 984 et
663 921 709 984 ita
726 921 758 984 in
778 923 826 987 eis
847 922 1018 986 ordinatum
1039 921 1133 984 debet
1153 921 1307 982 saevire
1322 917 1397 999 judi-

238 1009 321 1074 cium
331 1054 342 1091 ,
370 1017 525 1091 quatenus
551 1025 776 1088 usquequaque
795 1007 939 1088 puniatur
958 1005 1042 1086 quod
1060 1005 1210 1088 nequiter
1232 1004 1396 1068 definitum

237 1096 460 1178 praenoscitur.
506 1091 577 1172 Qua
602 1092 643 1155 de
672 1109 770 1156 causa
798 1092 870 1155 dum
897 1093 928 1154 in
957 1093 1018 1156 hac
1041 1099 1155 1155 sancta
1183 1091 1326 1174 synodo
1352 1109 1395 1172 per

237 1181 366 1244 aliarum
387 1198 550 1244 causarum
571 1178 700 1242 semitas
720 1176 931 1260 dirigeremus
942 1178 1125 1242 cautissime
1146 1195 1317 1259 gressus,
1346 1195 1395 1235 er·

239 1266 356 1345 templo
372 1265 550 1328 eorumdem
570 1263 730 1326 infidorum
751 1265 939 1344 conspiratio
960 1262 1001 1326 ad
1020 1263 1142 1326 unionis
1163 1271 1310 1326 nostrae
1328 1281 1393 1342 per·

237 1351 327 1412 veuit
355 1351 481 1414 auditus
491 1395 502 1432 ,
530 1370 568 1414 eo
590 1349 674 1431 quod
692 1367 754 1412 non
770 1350 871 1412 solum
892 1357 1000 1415 contra
1019 1367 1109 1412 suam
1128 1348 1392 1428 pollicitationem

238 1455 364 1500 suorum
384 1438 497 1500 rituum
519 1435 736 1498 observatione
758 1435 895 1496 tunicam
915 1434 1003 1514 fidei,
1030 1453 1092 1514 qua
1114 1451 1172 1496 eos
1195 1431 1384 1514 perandum

237 1522 321 1586 sacri
347 1521 545 1604 baptismatis
569 1520 668 1585 induit
693 1529 806 1584 sancta
830 1529 930 1582 mater
956 1520 1117 1600 ecclesia,
1146 1515 1388 1593 maculaverint,

239 1606 297 1670 sed
318 1615 352 1669 et
372 1608 462 1690 regni
482 1607 641 1689 fastigium
668 1606 729 1668 sibi
747 1613 783 1668 ut
803 1606 1006 1686 praemissum
1028 1613 1079 1668 est
1098 1623 1155 1684 per
1174 1604 1389 1684 conspiratio-

238 1710 310 1754 nem
330 1711 480 1773 usurpare
499 1691 670 1754 maluerint.
700 1688 793 1768 Quod
813 1693 980 1758 infaustum
1001 1690 1121 1752 fucinus
1140 1687 1217 1752 duro
1240 1709 1289 1752 ex
1309 1691 1389 1768 ipso·

238 1797 304 1840 rum
324 1779 568 1858 professionibus
594 1785 701 1839 noster
727 1777 906 1856 plenissime
930 1785 1041 1840 nosset
1066 1783 1274 1854 conventus,
1304 1772 1388 1854 hujus

239 1862 360 1926 decreti
377 1863 484 1926 'nostri
510 1863 668 1926 sententia
695 1880 752 1924 eos
774 1862 968 1926 decernimus
988 1860 1181 1926 irrevocabili
1202 1859 1297 1925 feriri
1319 1879 1386 1922 cen-

238 1967 327 2028 sura,
355 1949 479 2010 scilicet
504 1957 540 2009 ut
561 1967 603 2010 ex
619 1946 763 2028 jussione
783 1949 914 2028 piissimi
936 1955 969 2008 et
988 1945 1218 2028 religiosissimi
1241 1945 1386 2025 principis

238 2033 337 2096 nostri
369 2033 528 2114 Egicani,
562 2032 614 2113 qni
647 2032 717 2094 zelo
752 2031 866 2094 domiui
898 2050 1055 2096 accensus
1089 2039 1123 2092 et
1149 2040 1294 2092 sanctae
1323 2027 1386 2095 fidei

238 2117 348 2179 ardore
377 2117 557 2197 compulsus
582 2135 644 2178 non
672 2116 773 2179 solum
794 2116 935 2196 injuriam
956 2118 1059 2180 crucis
1078 2115 1196 2178 Christi
1227 2115 1385 2178 vindicare

237 2201 325 2282 vult,
346 2201 405 2262 sed
426 2210 459 2262 et
479 2201 586 2284 gentis
606 2219 685 2264 suae
707 2219 746 2264 ac
766 2203 885 2282 patriae
907 2204 1051 2284 exitium,
1078 2199 1161 2282 quod
1182 2199 1255 2263 fore
1276 2203 1325 2264 illi
1343 2203 1384 2262 iu-

238 2285 399 2348 ferendum
419 2288 548 2350 saevius
562 2285 595 2364 ³)
617 2285 806 2368 deerevere,
831 2289 935 2352 acrius
955 2289 1110 2368 extirpare
1136 2285 1296 2367 intendit,
1324 2287 1385 2348 suis

239 2373 381 2436 omnibus
402 2374 496 2436 rebus
515 2371 641 2452 nudati,
668 2381 701 2435 et
729 2373 818 2454 ipsae
844 2373 988 2438 resculae
1013 2373 1082 2437 fisci
1102 2371 1222 2441 viribus
1244 2372 1384 2434 sociatae

238 2467 304 2520 tam
331 2459 509 2522 eorumdem
536 2457 721 2540 perfidorum
746 2477 900 2540 personae
912 2503 922 2540 ,
949 2477 1042 2539 quam
1067 2475 1182 2518 uxores
1211 2476 1327 2520 eorum
1352 2475 1384 2519 ao

236 2543 368 2608 filiorum
382 2543 417 2624 4)
445 2545 498 2608 vel
524 2545 664 2624 reliquae
691 2545 885 2624 posteritatis
911 2563 931 2606 a
956 2544 1037 2606 locis
1062 2539 1193 2624 propriis
1218 2544 1383 2605 exsolutae

236 2649 293 2710 per
313 2638 446 2693 cunctas
465 2631 637 2710 Hispaniae
656 2629 833 2710 provincias
852 2637 1022 2711 perpetuae
1040 2625 1205 2708 subjectae
1230 2629 1383 2708 servituti,

237 2715 288 2777 his
309 2716 422 2796 quibus
443 2733 502 2776 eos
516 2713 648 2794 jusserit
668 2715 838 2778 servituros
859 2715 1006 2798 largitae,
1033 2720 1180 2778 maneant
1200 2731 1383 2795 usquequa·

239 2817 301 2880 que
322 2799 502 2882 dispersae:
524 2818 585 2862 nec
605 2818 729 2882 quoquo
749 2809 844 2881 pacto
866 2799 965 2863 eisin
986 2798 1177 2862 infidelitatis
1188 2817 1270 2862 suae
1285 2800 1382 2862 obsti·

239 2885 367 2948 natione
400 2885 581 2948 durantibus
613 2883 653 2946 ad
686 2887 889 2968 ingenuitatis
922 2893 1040 2948 statum
1074 2883 1166 2948 detur
1196 2884 1380 2966 quaudoque

237 2972 365 3034 occasio
386 2970 579 3052 revertendi,
606 2989 685 3050 quos
706 2977 871 3034 numerosa
892 2971 1083 3034 examussim
1111 2969 1283 3034 facinorum
1308 2989 1381 3032 suo-

237 3061 303 3118 ntm
330 3057 455 3118 macula
480 3055 651 3118 denotavit.
692 3055 749 3126 Sic
775 3065 880 3120 tamen
906 3056 1119 3135 decernimus,
1148 3062 1184 3116 ut
1212 3055 1381 3118 secundum

238 3141 424 3204 electionem
449 3139 599 3222 principis
624 3141 721 3202 nostri
750 3141 844 3223 aliqui
865 3161 907 3204 ex
928 3143 1030 3206 servis
1052 3139 1238 3204 Christianis
1258 3159 1380 3202 eorum-

238 3226 310 3290 dem
330 3225 522 3290 Judaeorum
547 3227 718 3310 eligantur,
748 3227 801 3308 qui
828 3225 869 3289 de
897 3227 1093 3308 proprietatis
1118 3243 1224 3287 eorum
1249 3227 1378 3304 peculio,

237 3321 387 3392 quantum
423 3313 483 3374 illis
520 3331 618 3394 saepe
652 3311 738 3373 fatus
767 3313 909 3374 domiuus
940 3321 1047 3374 noster
1076 3329 1132 3391 per
1164 3311 1378 3372 auctoritatum

237 3400 351 3459 seriem
372 3407 426 3460 aut
447 3398 617 3477 scripturas
638 3397 790 3460 libertatis
813 3397 943 3462 conferri
965 3397 1113 3479 elegerit,
1146 3395 1313 3476 accipiaut;
1342 3403 1376 3454 et

237 3483 384 3562 quidquid
411 3482 579 3544 functionis
608 3483 640 3543 in
667 3483 817 3546 rationem
838 3484 993 3562 publicam
1014 3481 1075 3562 ipsi
1088 3480 1211 3544 ‹Judaei
1230 3480 1289 3542 visi
1306 3487 1377 3540 sunt

237 3567 392 3628 hactenus
420 3567 629 3646 persolvisse,
657 3566 809 3664 praedicti
829 3570 947 3630 illorum
967 3567 1067 3648 servi,
1095 3585 1175 3648 quos
1197 3563 1276 3628 idem
1296 3566 1376 3646 prin-

237 3669 315 3733 ceps
342 3659 449 3716 noster
475 3653 630 3734 elegerit,
665 3654 734 3714 siue
761 3655 900 3736 qualibet
927 3653 1132 3716 excusatione
1158 3653 1189 3712 in
1217 3651 1297 3712 omui
1322 3649 1376 3711 de-

238 3739 333 3801 beant
354 3735 534 3819 integritate
555 3735 744 3818 persolvere.
784 3740 831 3800 Illi
852 3739 996 3819 denique,
1017 3737 1070 3818 qui
1091 3736 1221 3798 eosdem
1241 3736 1375 3798 Judaeos

238 3843 280 3884 cx
299 3824 464 3906 largitione
485 3842 583 3904 saepe
603 3823 660 3884 fati
682 3821 796 3886 domini
816 3824 915 3888 nostri
935 3822 1070 3886 donatos
1089 3823 1297 3904 perceperint,
1319 3821 1372 3884 tale

237 3909 385 3988 placitum
406 3909 438 3968 in
459 3910 581 3993 nomine
602 3927 686 3986 suae,
702 3909 820 3991 gloriae
841 3909 1053 3988 conscribant,
1075 3917 1230 3989 quatenus
1250 3907 1280 3968 in
1301 3906 1373 3968 nullo
1415 3897 1416 3934 i

240 4011 297 4054 eos
318 3994 499 4072 permittant
519 3993 632 4054 rituum
653 4011 779 4056 suorum
801 3993 1006 4058 caerimonias
1026 3993 1184 4057 celebrare
1207 3998 1261 4054 aut
1279 3993 1375 4054 colere

237 4078 291 4140 vel
320 4095 535 4158 quascumque
562 4079 731 4158 parentalis
758 4079 908 4160 perfidiae
936 4079 1069 4148 semitas
1094 4075 1215 4145 imitari,
1256 4077 1321 4142 Sed
1347 4085 1377 4138 et

236 4161 318 4225 filios
345 4181 451 4224 eorum
480 4163 641 4243 utriusque
667 4180 767 4226 sexus
794 4164 1006 4246 decernimus,
1035 4172 1073 4234 ut
1097 4185 1118 4228 a
1144 4161 1275 4244 septimo
1301 4180 1376 4227 auno

238 4266 343 4309 eorum
364 4248 478 4310 nullam
500 4265 571 4310 curn
592 4250 773 4328 parentibus
794 4251 861 4314 suis
883 4250 1105 4314 habitationem
1127 4258 1181 4312 aut
1201 4245 1376 4310 societatem

273 4501 300 4568 ι)
319 4500 469 4566 perturbare
486 4496 523 4548 Μ.
565 4523 599 4536 -
646 4497 676 4564 2)
695 4499 721 4549 in
740 4500 871 4552 orrtbolicis
888 4503 924 4552 Μ.
965 4531 999 4542 -·
1052 4502 1084 4569 ⁸)
1099 4502 1202 4568 scopiac
1227 4499 1373 4570 [somimi]

305 4569 333 4619 in
351 4585 384 4621 m,
402 4571 439 4621 M.
484 4595 520 4606 -
573 4567 603 4632 ⁴)
621 4564 726 4620 Verba:
752 4585 875 4636 personne
896 4600 930 4610 -
947 4569 1059 4633 filiarum
1075 4573 1171 4625 desunt
1188 4585 1229 4636 ap.
1244 4571 1278 4625 M.
1309 4601 1344 4612 —
