2912 5060
197 235 265 306 Μ
511 233 753 305 OONOlIdOM
773 231 1044 304 TOLMTANOM
1064 239 1104 304 X.

199 430 284 478 novo
307 407 447 493 judicum
475 416 603 492 putetur
629 409 763 473 intentio
791 409 922 490 lalli¹);
951 427 1023 472 uam
1049 407 1248 473 inveniuntur
1271 427 1371 472 non-

198 497 303 562 nullae
323 495 439 559 viduae
458 494 593 560 diversis
614 496 871 559 excusationibus
892 513 929 558 se
950 495 1031 558 odeo
1053 501 1290 578 contegentes,
1324 505 1370 558 ut

199 581 359 646 blandiant
370 581 406 660 ²)
434 581 508 663 sibi,
536 597 599 644 uon
628 599 667 643 se
694 589 817 662 patrum
837 582 930 662 plena
950 581 1109 662 religionis
1131 581 1282 663 alligatos
1305 581 1369 643 in-

199 667 366 732 stitutione
391 668 501 729 teueri.
541 665 634 729 Unde
655 668 792 748 antiquis
812 667 1001 728 inconcusse
1021 668 1280 747 permanentibus
1302 687 1367 728 re-

200 754 285 836 gulis
304 751 367 815 hoc
386 750 530 832 adjicitur
548 768 651 813 novae
681 753 806 814 oraculo
834 752 1025 832 sanctionis,
1056 759 1093 812 ut
1127 751 1238 832 vidua,
1267 771 1365 834 quae

199 847 334 903 unctae
359 839 520 919 religionis
541 836 681 899 obtinere
707 839 900 918 propositum
928 837 1081 916 voluerit,
1111 837 1270 898 secerdoti
1301 839 1363 899 vel

198 925 359 1004 ministro,
390 923 431 986 ad
455 939 550 1004 quem
571 929 626 983 eut
652 922 721 1002 ipsa
747 925 891 1003 venerit,
919 930 975 984 aut
1000 939 1094 1002 quem
1116 921 1214 983 adse
1239 924 1363 984 venire

199 1009 387 1092 contigerit,
412 1007 540 1086 scriptis
567 1006 794 1088 professionem
807 1007 841 1086 Β)
869 1008 965 1070 iaciat
992 1025 1012 1069 a
1040 1025 1077 1069 se
1104 1014 1159 1068 aut
1179 1009 1275 1090 signo
1301 1017 1362 1070 aut

199 1095 433 1176 subscriptione
458 1099 598 1154 notatam
611 1091 662 1174 ὖ),
694 1095 907 1154 continentem
936 1109 974 1155 se
996 1100 1031 1154 et
1049 1092 1210 1174 religionis
1231 1113 1360 1174 propo-

198 1181 296 1243 situm
321 1178 406 1240 velle
435 1185 470 1240 et
495 1177 557 1240 hoc
583 1178 762 1258 perenuiter
785 1179 936 1240 inviolate
957 1176 1104 1258 servare,
1131 1195 1170 1240 ac
1191 1185 1269 1241 tunc
1294 1199 1359 1242 ac-

200 1273 297 1346 cepts
323 1283 344 1326 a
370 1261 537 1327 sacerdote
563 1263 617 1325 vel
644 1265 785 1326 ministro
813 1271 888 1345 apta
915 1263 1074 1346 roligionis
1100 1264 1172 1324 usui
1186 1263 1219 1342 θ)
1254 1277 1356 1327 veste

199 1367 260 1414 seu
290 1349 409 1412 lectulo
444 1349 614 1432 quiescens
649 1349 720 1411 sive
751 1367 949 1430 quocumque
981 1351 1052 1412 loco
1084 1349 1266 1411 consistens
1296 1352 1353 1410 in-

199 1443 388 1500 cunctanter
413 1443 537 1516 utatur,
565 1451 627 1496 nec
653 1435 772 1498 divensi
791 1436 904 1498 coloris
924 1443 980 1497 sut
1000 1434 1145 1496 diversae
1167 1435 1267 1514 pertis
1284 1453 1346 1496 ea-

199 1521 274 1585 dem·
294 1522 338 1584 sit
357 1521 503 1584 notabilis
519 1520 634 1603 vestis,
653 1519 760 1599 nisi⁶)
776 1521 926 1603 religiosa
947 1529 981 1581 et
1001 1537 1063 1580 non
1081 1517 1246 1600 suspecta,
1267 1539 1349 1602 quae

199 1615 310 1670 careat
343 1614 378 1669 et
412 1606 619 1674 varietatibus
649 1607 787 1669 colorum
819 1616 853 1668 et
885 1604 1121 1669 diversitatibus
1152 1607 1287 1686 partium
1305 1605 1351 1686 i),

198 1691 298 1774 mec,
325 1700 363 1754 ut
385 1691 506 1772 absque
533 1691 596 1753 ulla
623 1692 804 1772 suspicione
833 1691 1096 1774 transgressionis
1122 1700 1251 1753 mancat
1277 1693 1353 1754 usui

197 1786 321 1840 tautum
341 1785 417 1858 apta
435 1785 569 1840 sanctae
588 1776 767 1860 religionis,
797 1784 831 1838 ct
852 1779 902 1840 sui
915 1776 949 1855 8)
979 1793 1078 1838 sexus
1100 1773 1286 1856 competens
1308 1777 1351 1840 ad

199 1863 413 1926 testimouium
441 1861 615 1942 probitatis.
656 1863 701 1925 Ut
726 1871 833 1925 autem
853 1862 1004 1942 deinceps
1025 1861 1100 1922 nilril
1121 1860 1295 1924 devocetur
1316 1864 1349 1925 in

198 1948 340 2029 dubium,
367 1947 469 2028 palleo
501 1947 646 2028 purpurei
671 1947 726 2008 vel
753 1945 834 2028 nigri
861 1947 974 2010 coloris
1000 1955 1096 2026 caput
1124 1955 1277 2030 contegat
1305 1949 1346 2009 sb

196 2032 285 2096 initio
313 2040 487 2112 susceptae
512 2031 687 2112 religione,
716 2039 753 2094 ut
781 2032 856 2094 dum
882 2033 945 2094 illio
965 2033 1104 2093 intulerit
1123 2033 1247 2114 signum
1269 2053 1346 2114 pro-

196 2115 308 2182 babilis
327 2117 525 2198 sanctitatis,
545 2115 599 2178 ubi
618 2119 731 2180 nullius
753 2117 817 2179 falli
837 2119 953 2198 poterit
972 2119 1054 2179 visio
1074 2118 1243 2202 intuentis,
1264 2137 1343 2180 nus-

197 2219 292 2288 quam
311 2197 487 2266 attemetur
505 2217 603 2264 austes
615 2202 650 2284 ⁹)
676 2202 887 2269 detestandae
906 2203 1177 2288 praesumptionis.

282 2389 401 2454 Omnes
420 2387 659 2472 foeminam)
686 2409 767 2471 quae
783 2391 849 2473 jam
869 2393 900 2454 in
921 2389 1158 2475 praeterito¹¹)
1186 2391 1343 2474 religionis

197 2485 293 2542 veste
313 2477 413 2540 fuisse
433 2477 601 2558 probantur
621 2475 766 2559 indutae,
793 2477 867 2538 nihil
888 2478 930 2540 ad
951 2476 1254 2557 excusationem12)
1281 2495 1343 2538 va-

196 2563 262 2626 leat
297 2564 526 2646 oppositionum
558 2562 717 2642 quaelibet
751 2561 911 2646 objectio,
944 2565 1087 2645 quamvis
1119 2561 1253 2626 diversis
1288 2571 1344 2624 aut

197 2649 319 2712 callidis
347 2647 528 2711 adrnnbrare
553 2665 590 2708 se
618 2649 717 2709 velint
744 2649 887 2712 fallaciae
907 2649 1116 2732 argumentiS,
1147 2649 1205 2710 sed
1226 2647 1266 2710 ad
1287 2667 1344 2711 sa-

195 2733 391 2797 cratissimas
417 2734 600 2796 sanctiones
627 2731 791 2814 disciplina
816 2735 955 2798 sanctior
980 2754 1037 2796 eas
1062 2743 1173 2798 teneat
1191 2735 1343 2816 religatas

196 2827 293 2902 atque
314 2819 464 2882 subnixos
477 2816 550 2896 18);
569 2827 835 2881 commoneantur
848 2810 903 2899 14)
931 2839 1009 2882 sane
1030 2819 1206 2882 sacerdotis
1227 2827 1342 2881 aucto-

194 2905 301 2986 ritate,
320 2913 358 2966 ut
379 2912 494 2986 sponte
513 2901 644 2964 redeant
658 2904 731 2987 15);
753 2924 833 2988 quae
855 2905 883 2966 si
903 2905 1004 2967 redire
1026 2907 1188 2986 noluerint,
1209 2903 1342 2985 impulsu

195 2989 373 3054 sacerdotis
395 2989 434 3051 ad
455 2989 614 3071 religionis
634 2989 774 3052 habitum
786 2989 840 3068 1θ)
855 2991 1053 3072 reducantur,
1075 2999 1109 3052 et
1129 2991 1160 3051 in
1179 2999 1342 3053 monaste-

195 3077 251 3141 riis
271 3074 481 3153 redactae1')
499 3075 829 3136 excommunicationis
850 3075 1025 3158 condignae
1046 3077 1206 3138 sententia
1225 3075 1341 3138 ferian-

195 3169 255 3225 tur.
297 3161 360 3222 Hic
380 3159 462 3220 idem
485 3174 608 3241 quoque
630 3161 703 3222 ordo
724 3161 756 3222 in
776 3159 894 3222 illarum
916 3161 1173 3224 condemnatione
1193 3164 1338 3244 mauebit,

195 3265 278 3329 quae
299 3245 467 3328 quamlibet
488 3264 507 3306 a
530 3245 696 3308 sacerdote
716 3247 769 3307 vel
798 3247 937 3308 ministro
968 3247 1193 3309 sanctimoniae
1214 3257 1339 3311 vestem

194 3352 257 3394 non
284 3333 501 3413 accepissent,
529 3331 619 3414 ipsae
646 3339 751 3394 tamen
780 3339 836 3393 aut
860 3331 988 3394 indutae
1010 3342 1084 3396 sunt
1106 3341 1161 3394 aut
1182 3331 1233 3393 illo
1256 3334 1338 3396 indui

194 3417 303 3480 habitu
333 3425 577 3498 consenserunt,
607 3417 660 3498 qui
688 3417 845 3499 religionis
867 3437 941 3479 esse
963 3419 1066 3480 cultus
1088 3420 1127 3479 ab
1149 3418 1338 3482 intuentibus

194 3501 397 3580 crederetur,
431 3502 541 3580 sicque
572 3519 678 3566 coram
708 3503 848 3566 ecclesia
877 3505 930 3564 vel
960 3503 1127 3566 sacerdote
1158 3512 1213 3564 aut
1244 3506 1335 3566 etiam

194 3587 446 3668 competentibus
468 3586 604 3648 testibus
625 3587 811 3672 quandoque
837 3587 964 3652 indutae
980 3585 1142 3666 visae¹⁸)
1172 3591 1268 3654 certis
1288 3591 1336 3653 in-

193 3671 286 3736 diciis
307 3679 361 3735 aut
380 3671 567 3734 testimoniis
588 3674 803 3758 approbantur.
852 3671 970 3736 Omnes
990 3673 1052 3736 hae
1072 3681 1179 3734 tamen
1199 3693 1258 3738 seu
1278 3696 1335 3738 ve-

193 3759 320 3822 nientes
339 3756 380 3820 ad
400 3758 528 3838 primam
549 3756 732 3842 religionem
744 3757 798 3836 ¹⁰)
822 3777 881 3824 seu
902 3767 975 3842 post
995 3768 1228 3842 transgressum
1248 3779 1333 3824 resu-

192 3853 318 3907 mentes
345 3844 490 3907 iteratam
518 3842 840 3926 conversionemw),
870 3846 954 3908 sicut
980 3845 1187 3928 praemissum
1210 3855 1279 3930 est,
1300 3852 1332 3908 ot

230 4037 340 4185 i)1pelli
362 4062 459 4187 iitamM
471 4064 509 4116 Μ.
561 4091 628 4198 na)
658 4063 687 4128 ²)
706 4061 1005 4185 Reffimqi'im'dmm‘i'
1040 4067 1110 4188 Npta
1126 4066 1264 4186 ilditorupp
1281 4068 1336 4118 coll.

290 4149 341 4185 rs.
460 4171 467 4184 .
511 4163 546 4172 -
645 4147 795 4184 stanter.
843 4171 849 4186 .
893 4167 929 4176 -
1027 4153 1213 4188 rroomrnur.
1261 4165 1334 4186 .—

228 4203 259 4270 ὅ)
276 4151 350 4270 ispius
366 4202 429 4254 ibid.
465 4233 500 4243 -
534 4201 564 4268 θ)
581 4202 625 4253 sed
641 4201 705 4253 ibid.
740 4230 775 4240 -
811 4203 840 4270 l)
858 4136 1079 4270 specierunrJibid.
1111 4235 1146 4246 ·-
1182 4206 1211 4274 ⁸)
1227 4206 1284 4256 strui
1299 4205 1335 4258 M.

229 4273 259 4340 ο)
275 4287 353 4324 cruos
370 4279 477 4325 attondet
498 4275 526 4326 in
544 4288 579 4323 nr.
595 4271 633 4322 Μ.
677 4299 713 4310 .„
763 4271 812 4338 1⁰)
839 4274 960 4330 Omnibus
982 4277 1099 4344 soterinis
1121 4275 1149 4328 in
1172 4293 1207 4330 rn.
1230 4277 1267 4326 M.
1301 4306 1334 4316 -

209 4341 259 4412 Η)
276 4345 443 4409 protetert'trmt
460 4345 497 4396 Μ.
539 4371 574 4380 ——
622 4339 670 4407 ¹²)
688 4338 751 4390 nillil
768 4346 941 4398 emerentianis
957 4347 984 4399 in
1003 4363 1037 4398 m.
1055 4347 1093 4398 M.
1132 4374 1167 4385 -·
1212 4344 1260 4410 ¹³)
1277 4345 1334 4397 solr-

261 4427 344 4464 neucs
359 4413 396 4465 M.
443 4443 478 4452 —-
530 4411 579 4477 Η)
595 4417 795 4461 conrnrooenntor
811 4413 848 4464 M.
895 4444 931 4454 -
981 4415 1030 4483 ru)
1047 4416 1153 4468 ardeam
1170 4415 1206 4467 Μ,
1241 4443 1276 4453 -

209 4481 518 4550 nomenniomen.
553 4509 588 4520 -
630 4479 678 4547 Η)
694 4479 813 4534 rodimar
829 4483 866 4535 M.
907 4516 942 4526 -
985 4485 1034 4553 1⁸)
1052 4493 1118 4536 cosle
1135 4485 1162 4536 in
1179 4482 1267 4536 tuM.
1298 4514 1331 4523 —

207 4551 259 4622 ι9)
275 4567 321 4603 sea
335 4567 389 4604 nent.
399 4582 441 4592 ·-
459 4552 531 4617 reliq.
548 4550 644 4602 desunt
661 4565 702 4618 ap.
720 4548 757 4602 M.
801 4580 836 4596 ι.
883 4555 933 4624 ²⁰)
949 4571 993 4608 ocu
1009 4561 1068 4624 post
1085 4561 1245 4622 transgresso
1261 4565 1330 4606 retu-

260 4629 354 4674 meotes
371 4623 466 4675 iterato
482 4621 642 4674 conversione
658 4618 687 4673 in
704 4635 738 4672 m.
754 4619 791 4673 M.
826 4649 861 4664 ·-
