2880 5050
205 249 270 316 on
425 227 428 238 '
471 251 712 320 eoucnrun
733 249 1003 320 mnnrsuuu
1023 251 1079 320 ru

207 424 341 486 motibus
369 423 481 508 agitati
508 431 563 488 aut
588 423 672 506 quod
691 433 791 488 morta
811 423 1011 507 plectendum
1032 429 1085 486 est
1104 421 1271 487 sententia
1290 441 1381 506 pro-

208 509 275 589 pria
291 505 431 588 judicare
445 519 654 592 praesumant,
676 518 732 573 aut
751 513 964 574 truncationes
979 509 1134 591 quaslibet
1150 510 1377 574 membrorum

208 593 284 672 in1)
312 597 499 676 quibuslibet
523 597 666 676 personis
694 603 749 658 aut
774 615 832 678 per
856 615 893 659 se
920 596 1054 658 inierant
1074 601 1129 656 aut
1147 595 1325 658 inferenda
1340 597 1376 678 ²)

206 679 408 760 praecipiant.
451 679 542 757 Quod
570 683 597 743 si
623 683 786 763 quisquam
811 683 920 744 horum
940 683 1099 743 immemor
1118 689 1375 762 praeceptorum

209 771 265 826 aut
289 764 321 825 in
335 763 369 844 3)
400 767 558 828 ecclesiae
579 785 657 828 auae
679 767 802 830 familiis
814 767 849 846 ⁴)
879 768 985 830 autin
1006 765 1193 848 quibuslibet
1213 770 1374 848 personis
1419 767 1420 832 Ϊ

210 851 274 912 tale
297 849 412 934 aliquid
433 851 552 932 feeerit,
576 859 609 914 et
630 853 779 916 concessi
799 852 914 916 ordinis
934 853 1051 914 bonore
1069 851 1211 932 privatus
1233 861 1274 914 et
1294 855 1371 918 loco
1419 847 1420 908 ι

209 935 268 998 sub
281 933 314 1014 ὅ)
344 945 494 1018 perpetuo
522 935 729 1000 damnationis
755 945 898 1000 teneatur
923 937 1076 1021 religatur
1103 937 1288 1021 ergastulo,
1319 941 1371 1004 cui

209 1029 316 1083 tamen
337 1021 511 1086 communio
533 1024 661 1084 exeunti
682 1043 725 1086 ex
744 1021 806 1086 hac
823 1024 892 1087 vita
911 1041 974 1088 non
994 1020 1140 1106 neganda
1160 1030 1214 1085 est
1233 1034 1370 1106 propter

209 1105 324 1169 domini
343 1106 600 1190 misericordiam,
627 1110 682 1192 qai
702 1127 766 1172 non
786 1109 854 1172 crrlt
869 1110 1052 1191 peccatorio
1071 1114 1220 1187 maman,
1245 1111 1314 1174 aad
1331 1118 1368 1175 ιιι

210 1197 412 1256 caueamur
432 1197 466 1256 et
486 1195 577 1258 vivat
589 1192 633 1274 ⁸).
965 1227 968 1236 ’

296 1396 377 1464 Cum
394 1397 488 1482 juxta
507 1399 656 1482 antiquae
675 1397 877 1462 institutionis
898 1395 1080 1480 edictum')
1099 1399 1171 1482 plus
1190 1417 1265 1484 erga
1287 1419 1359 1465 cor-

209 1481 358 1567 rigendos
379 1503 476 1570 agere
497 1486 611 1550 debeat
631 1485 849 1550 benevolentia
880 1483 973 1567 quam
999 1487 1177 1569 severitas,
1204 1487 1270 1569 plus
1295 1505 1352 1548 eo-

208 1567 343 1632 hortatio
365 1589 457 1653 quam
479 1571 664 1653 commotio,
692 1567 763 1652 plus
791 1570 905 1632 caritas
925 1589 1018 1652 quam
1038 1579 1199 1656 potestas,
1231 1572 1358 1636 relatum

211 1655 303 1722 uobis
324 1664 389 1740 ιιι,
411 1655 494 1740 quod
515 1655 639 1738 quidam
661 1675 703 1718 ex
723 1656 867 1718 fratribus
887 1655 958 1738 plus
978 1655 1076 1719 livore
1098 1655 1159 1720 odii
1176 1675 1269 1739 quam
1291 1677 1361 1722 cor·

210 1743 359 1803 rectionis
381 1743 484 1806 studio
513 1741 655 1805 subditos
682 1742 903 1824 insequentes,
930 1739 1003 1804 dum
1029 1760 1067 1804 se
1093 1743 1239 1806 simulant
1269 1744 1362 1824 spiri-

211 1827 330 1890 tualem
359 1829 406 1890 eis
435 1827 582 1890 adhibere
613 1829 854 1909 correctionem,
883 1825 1084 1890 indiscretam
1104 1829 1206 1892 subito
1229 1825 1362 1892 afferunt

211 1922 352 1993 mortem,
372 1931 443 1974 cum
463 1914 618 1976 inauditos
640 1932 659 1976 a
680 1931 717 1978 se
738 1911 903 1994 projiciunt
918 1920 952 1974 ιι
967 1913 1100 1976 occultis
1112 1912 1146 1993 ⁸)
1161 1931 1218 1975 eos
1234 1912 1361 1994 judiciis

213 1999 272 2064 sub
294 1999 485 2078 poenitentia
509 2001 647 2080 puniunt.
687 1997 762 2060 Non
783 2016 859 2080 crgo
881 1995 922 2062 de
943 2005 1049 2061 cetero
1067 2000 1225 2080 perversis
1246 2001 1359 2062 volun·

213 2083 330 2144 tatibus
351 2083 394 2145 sit
415 2085 542 2146 libemm
565 2083 727 2163 simulare,
756 2083 837 2164 quod
857 2079 995 2168 fingunt,
1025 2081 1083 2146 sed
1105 2085 1359 2166 quotiescumque

212 2168 341 2250 quilibet
374 2187 415 2230 ex
444 2169 578 2231 subditis
606 2167 808 2250 corrigendus
836 2165 888 2229 es't
916 2177 971 2231 aut
996 2169 1120 2250 publica
1148 2189 1168 2232 a
1196 2169 1354 2232 sacerdote
1419 2237 1420 2244 χ

213 2253 310 2316 debet
336 2251 500 2334 disciplina
529 2255 643 2334 curari,
673 2261 727 2314 aut
754 2253 782 2316 si
809 2253 897 2315 aliter
917 2255 1089 2318 rectoribus
1110 2255 1216 2336 placet
1236 2255 1355 2318 duorum
1419 2269 1420 2334 ι

212 2339 266 2402 vel
294 2337 384 2400 trium
411 2339 537 2402 fratrum
564 2339 767 2424 spiritualium
792 2340 973 2402 testimonio
999 2339 1196 2422 peculiariter
1226 2340 1354 2403 adhibito
1419 2347 1420 2414 ἶ

214 2432 248 2486 ιι
269 2423 379 2486 modus
407 2427 540 2490 oriminis
562 2432 753 2508 agnoscatur
773 2431 806 2484 et
828 2424 940 2488 modus
960 2425 1172 2506 poenitentiae
1192 2427 1357 2510 irrogetu13

213 2511 259 2574 ita
290 2518 418 2592 tamen,
447 2521 482 2574 ut
511 2513 539 2574 si
566 2511 658 2574 exilio
686 2511 738 2572 vel
765 2510 938 2572 retrusione
959 2511 1087 2595 dignum
1115 2529 1187 2573 eum
1210 2531 1283 2573 esse
1310 2515 1359 2595 qui
1419 2531 1420 2610 p

215 2594 345 2678 deliquit
361 2595 395 2674 ο)
422 2595 571 2678 judicium
602 2597 760 2678 peculiare
788 2595 978 2679 decreverit,
1007 2596 1118 2659 modus
1142 2597 1359 2682 poenitentiae,

215 2680 374 2764 quem10)
390 2700 496 2762 coram
512 2685 611 2746 tribus
631 2681 776 2745 fratribus
796 2681 946 2744 sacerdos
968 2681 1191 2766 transgressori
1211 2681 1360 2766 indixerit,

214 2765 346 2848 speciali
367 2765 480 2834 debeat
502 2768 591 2852 ejus,
620 2769 672 2849 qui
699 2766 887 2831 senteutiam
914 2767 1061 2850 protulit,
1087 2787 1198 2830 manus
1224 2771 1361 2852 propriae

213 2851 443 2932 subscriptione
472 2856 590 2934 notari,
623 2853 732 2934 sicque
761 2851 836 2933 liet,
866 2859 902 2913 ut
927 2872 989 2915 nec
1017 2861 1268 2938 transgressores
1297 2856 1362 2918 aine

216 2938 393 3004 testimonio
416 2939 539 3002 excidia
558 2941 646 3002 vitae
667 2957 744 3002 suae
765 2938 931 3021 incurrant,
952 2955 1013 3000 neo
1034 2947 1175 3004 rectores
1196 2949 1362 3005 accusatos

215 3041 253 3088 se
276 3021 316 3086 de
338 3025 540 3108 quorumlibet
561 3023 846 3106 interemptionibus
867 3023 1062 3090 erubescant.

293 3225 449 3312 Quidquid
465 3229 628 3293 invisibilis
644 3229 765 3314 gratim
781 3227 962 3290 collatione¹
972 3227 1006 3308 ¹)
1019 3229 1161 3292 tribuitur
1174 3246 1363 3294 nummomm
1419 3235 1420 3312 l

218 3323 353 3395 quaestu
375 3317 427 3377 vel
448 3317 636 3397 quibuslibet
654 3315 801 3396 praemiis
821 3312 1002 3376 venumdari
1029 3315 1154 3394 penitus
1181 3335 1244 3378 uon
1264 3317 1362 3380 debe-
1419 3313 1420 3380 l

216 3408 287 3481 tur,
312 3399 439 3462 ,dicente
468 3402 612 3464 domino:
652 3399 742 3479 Quod
761 3401 867 3483 gratis
894 3401 1063 3482 accepistis
1089 3403 1195 3483 gratis
1214 3401 1363 3480 datast).
1419 3395 1420 3488 i

217 3484 263 3548 ut
282 3483 354 3546 ideo
375 3487 560 3568 quicumque
582 3486 733 3566 deinceps
754 3485 785 3546 in
808 3485 1028 3547 eeclesiastico
1050 3487 1156 3548 ordine
1175 3489 1363 3551 constitutus
1419 3489 1420 3570 ξ

209 3576 276 3630 aaut
295 3587 352 3649 pro
372 3571 568 3650 baptizandis
588 3570 872 3654 consignandisque
892 3568 1035 3632 fidelibus
1056 3579 1111 3634 aut
1129 3589 1185 3651 pro
1202 3572 1362 3636 collatione
1419 3621 1420 3648 ι

219 3654 397 3718 chrismatis
425 3656 478 3718 vel
507 3655 751 3736 promotionibus
779 3655 930 3738 gedeum
960 3655 1098 3736 praemia
1128 3657 1285 3738 quaelibet
1311 3657 1361 3720 rel
1419 3681 1420 3730 j

218 3740 385 3822 pretia¹³)
405 3742 578 3804 voluntarie
600 3741 705 3803 oblata
724 3759 779 3821 pro
800 3739 975 3821 hujusmodi
995 3741 1161 3802 ambitione
1182 3743 1356 3826 susceperit,
1419 3757 1420 3760 ’

220 3826 365 3907 equidem
386 3827 414 3888 si
440 3829 563 3891 sciente
582 3829 644 3890 loci
665 3827 815 3907 episcopo
837 3827 900 3888 tale
921 3825 1077 3907 quidpiam
1098 3844 1118 3887 a
1138 3827 1273 3890 subditis
1288 3845 1354 3908 per·
1419 3813 1420 3888 l

220 3919 379 3991 petratur,
416 3912 498 3974 idem
525 3917 696 3995 episcopus
722 3911 844 3974 duobus
872 3912 1032 3976 mensibus
1058 3909 1360 3977 excommunicationi
1419 3917 1420 3956 l

220 3994 402 4077 subjaceat,
430 4017 486 4079 pro
513 4017 570 4082 eo,
599 3999 674 4082 quia
700 4004 734 4058 et
759 3995 909 4076 scita¹⁴)
935 3997 1017 4060 mala
1044 3997 1204 4080 contexit,
1235 4006 1270 4062 et
1294 4017 1363 4062 cor-

223 4137 423 4156 *-

259 4211 844 4354 12:31&qu-qsppppppsu
872 4213 1367 4354 ei‘nz'e'ei’⁸1⁰e“‚¹'2i.”‘-'“q‘iii
1419 4247 1420 4316 i

290 4356 363 4408 nisI.
382 4353 498 4425 epp.84.
540 4383 575 4394 —
629 4355 659 4423 ⁸)
676 4355 777 4406 illicitis
793 4351 820 4404 ia
837 4370 872 4407 m.
891 4353 927 4406 M.
960 4377 1006 4395 -·
1042 4353 1072 4422 ο)
1088 4369 1143 4407 essa
1159 4361 1205 4408 out
1221 4357 1281 4425 quid
1296 4359 1367 4410 olirrd
1419 4359 1420 4376 ¹

289 4427 395 4494 deliquit
411 4428 439 4477 in
457 4441 491 4476 m.
509 4423 547 4476 Μ.
581 4453 617 4464 -·-
650 4423 699 4494 1⁰)
716 4437 791 4490 quom
807 4423 845 4475 M.
881 4447 915 4462 -·
955 4423 1005 4491 Η)
1022 4422 1164 4477 Gratianus
1182 4429 1209 4478 et
1225 4428 1260 4491 gl.
1276 4429 1367 4494 legunt

292 4497 479 4558 oousolctiouor
514 4509 605 4544 verum
630 4491 658 4543 in
681 4494 749 4545 notis
772 4491 945 4559 Gregoriaais
968 4493 1045 4563 prior
1063 4493 1111 4546 illa
1135 4494 1213 4548 lectio
1236 4497 1366 4564 probatur.

201 4559 205 4568 '
290 4565 388 4617 blansi.
431 4589 464 4604 ·-
495 4559 779 4629 22²)Matrb.10,‚s.
828 4591 863 4604 -·-
913 4561 963 4630 ¹³)
980 4563 1031 4616 aiei
1049 4563 1108 4616 add.
1126 4563 1207 4619 imru·
1226 4565 1263 4618 Μ.
1297 4595 1331 4608 -

238 4635 287 4704 Ν)
305 4636 386 4687 emeras
403 4634 438 4684 Μ.
474 4661 508 4671 -
1012 4644 1016 4654 “
1268 4647 1271 4654 ’
