<?xml version="1.0" encoding="UTF-8"?>
<!DOCTYPE html PUBLIC "-//W3C//DTD XHTML 1.0 Transitional//EN"
    "http://www.w3.org/TR/xhtml1/DTD/xhtml1-transitional.dtd">
<html xmlns="http://www.w3.org/1999/xhtml" xml:lang="en" lang="en">
 <head>
  <title>
</title>
<meta http-equiv="Content-Type" content="text/html;charset=utf-8" />
  <meta name='ocr-system' content='tesseract 3.04.00' />
  <meta name='ocr-capabilities' content='ocr_page ocr_carea ocr_par ocr_line ocrx_word'/>
</head>
<body>
  <div class='ocr_page' id='page_1' title='image "./canonesapostolo00brungoog/canonesapostolo00brungoog_0293.png"; bbox 0 0 2912 5060; ppageno 0'>
   <div class='ocr_carea' id='block_1_1' title="bbox 198 265 1093 336">
    <p class='ocr_par' dir='ltr' id='par_1_1' title="bbox 198 265 1093 336">
     <span class='ocr_line' id='line_1_1' title="bbox 198 265 1093 336; baseline 0 -2"><span class='ocrx_word' id='word_1_1' title='bbox 198 265 265 334; x_wconf 83' lang='lat'><strong>280</strong></span> <span class='ocrx_word' id='word_1_2' title='bbox 457 265 699 336; x_wconf 69' lang='lat' dir='ltr'><strong>uouendum</strong></span> <span class='ocrx_word' id='word_1_3' title='bbox 721 267 1093 336; x_wconf 68' lang='lat' dir='ltr'><strong>nonsummum.</strong></span> 
     </span>
    </p>
   </div>
   <div class='ocr_carea' id='block_1_2' title="bbox 200 437 1361 696">
    <p class='ocr_par' dir='ltr' id='par_1_2' title="bbox 200 437 1361 696">
     <span class='ocr_line' id='line_1_2' title="bbox 202 437 1361 522; baseline 0 -20"><span class='ocrx_word' id='word_1_4' title='bbox 202 447 289 502; x_wconf 85' lang='lat' dir='ltr'><strong>tauto</strong></span> <span class='ocrx_word' id='word_1_5' title='bbox 317 441 538 504; x_wconf 80' lang='lat' dir='ltr'>austerioribus</span> <span class='ocrx_word' id='word_1_6' title='bbox 567 440 716 503; x_wconf 85' lang='lat' dir='ltr'><strong>convenit</strong></span> <span class='ocrx_word' id='word_1_7' title='bbox 744 441 872 506; x_wconf 86' lang='lat' dir='ltr'><strong>obviare</strong></span> <span class='ocrx_word' id='word_1_8' title='bbox 888 439 1047 504; x_wconf 86' lang='lat' dir='ltr'><strong>decretis.</strong></span> <span class='ocrx_word' id='word_1_9' title='bbox 1110 439 1242 522; x_wconf 84' lang='lat' dir='ltr'><strong>Propter</strong></span> <span class='ocrx_word' id='word_1_10' title='bbox 1272 437 1361 521; x_wconf 90' lang='lat' dir='ltr'><strong>quod</strong></span> 
     </span>
     <span class='ocr_line' id='line_1_3' title="bbox 200 524 1360 608; baseline -0.002 -20"><span class='ocrx_word' id='word_1_11' title='bbox 200 524 313 608; x_wconf 79' lang='lat' dir='ltr'><strong>flagitii</strong></span> <span class='ocrx_word' id='word_1_12' title='bbox 340 526 524 606; x_wconf 83' lang='lat' dir='ltr'><strong>dedecus¹)</strong></span> <span class='ocrx_word' id='word_1_13' title='bbox 552 528 732 608; x_wconf 78' lang='lat' dir='ltr'>specialiter</span> <span class='ocrx_word' id='word_1_14' title='bbox 759 528 821 590; x_wconf 91' lang='lat' dir='ltr'><strong>hoc</strong></span> <span class='ocrx_word' id='word_1_15' title='bbox 853 545 872 589; x_wconf 93' lang='lat' dir='ltr'><strong>a</strong></span> <span class='ocrx_word' id='word_1_16' title='bbox 901 536 1012 590; x_wconf 87' lang='lat' dir='ltr'><strong>sancto</strong></span> <span class='ocrx_word' id='word_1_17' title='bbox 1040 527 1172 588; x_wconf 90' lang='lat' dir='ltr'><strong>concilio</strong></span> <span class='ocrx_word' id='word_1_18' title='bbox 1201 525 1360 607; x_wconf 83' lang='lat' dir='ltr'><strong>delinitur,</strong></span> 
     </span>
     <span class='ocr_line' id='line_1_4' title="bbox 202 611 1361 696; baseline 0 -24"><span class='ocrx_word' id='word_1_19' title='bbox 202 619 239 672; x_wconf 90' lang='lat' dir='ltr'><strong>ut</strong></span> <span class='ocrx_word' id='word_1_20' title='bbox 260 630 370 674; x_wconf 92' lang='lat' dir='ltr'><strong>omnes</strong></span> <span class='ocrx_word' id='word_1_21' title='bbox 397 613 538 694; x_wconf 84' lang='lat' dir='ltr'><strong>episcopi</strong></span> <span class='ocrx_word' id='word_1_22' title='bbox 564 611 596 674; x_wconf 94' lang='lat' dir='ltr'><strong>id</strong></span> <span class='ocrx_word' id='word_1_23' title='bbox 623 613 726 694; x_wconf 89' lang='lat' dir='ltr'><strong>ipsum</strong></span> <span class='ocrx_word' id='word_1_24' title='bbox 752 614 783 675; x_wconf 91' lang='lat' dir='ltr'><strong>in</strong></span> <span class='ocrx_word' id='word_1_25' title='bbox 811 613 879 674; x_wconf 89' lang='lat' dir='ltr'><strong>suis</strong></span> <span class='ocrx_word' id='word_1_26' title='bbox 906 631 1056 696; x_wconf 86' lang='lat' dir='ltr'><strong>quaerere</strong></span> <span class='ocrx_word' id='word_1_27' title='bbox 1078 611 1211 674; x_wconf 81' lang='lat' dir='ltr'><strong>sollicite</strong></span> <span class='ocrx_word' id='word_1_28' title='bbox 1235 619 1361 692; x_wconf 89' lang='lat' dir='ltr'><strong>curent,</strong></span> 
     </span>
    </p>
   </div>
   <div class='ocr_carea' id='block_1_3' title="bbox 203 697 1362 1462">
    <p class='ocr_par' dir='ltr' id='par_1_3' title="bbox 203 697 1362 1462">
     <span class='ocr_line' id='line_1_5' title="bbox 203 697 1362 780; baseline -0.001 -22"><span class='ocrx_word' id='word_1_29' title='bbox 203 703 330 758; x_wconf 89' lang='lat' dir='ltr'><strong>etcum</strong></span> <span class='ocrx_word' id='word_1_30' title='bbox 356 698 419 761; x_wconf 93' lang='lat' dir='ltr'><strong>hoc</strong></span> <span class='ocrx_word' id='word_1_31' title='bbox 445 699 610 761; x_wconf 86' lang='lat' dir='ltr'><strong>verissime</strong></span> <span class='ocrx_word' id='word_1_32' title='bbox 637 699 771 780; x_wconf 88' lang='lat' dir='ltr'><strong>reperire</strong></span> <span class='ocrx_word' id='word_1_33' title='bbox 799 700 973 780; x_wconf 90' lang='lat' dir='ltr'><strong>potuerint,</strong></span> <span class='ocrx_word' id='word_1_34' title='bbox 1004 715 1113 759; x_wconf 90' lang='lat' dir='ltr'><strong>omnes</strong></span> <span class='ocrx_word' id='word_1_35' title='bbox 1140 697 1248 778; x_wconf 84' lang='lat' dir='ltr'><strong>placiti</strong></span> <span class='ocrx_word' id='word_1_36' title='bbox 1276 716 1362 758; x_wconf 88' lang='lat' dir='ltr'><strong>cau-</strong></span> 
     </span>
     <span class='ocr_line' id='line_1_6' title="bbox 203 781 1362 866; baseline 0 -22"><span class='ocrx_word' id='word_1_37' title='bbox 203 781 288 844; x_wconf 82' lang='lat' dir='ltr'><strong>tione</strong></span> <span class='ocrx_word' id='word_1_38' title='bbox 309 783 363 844; x_wconf 89' lang='lat' dir='ltr'><strong>tali</strong></span> <span class='ocrx_word' id='word_1_39' title='bbox 384 782 663 866; x_wconf 72' lang='lat' dir='ltr'><strong>constringant2),</strong></span> <span class='ocrx_word' id='word_1_40' title='bbox 684 791 720 846; x_wconf 90' lang='lat' dir='ltr'><strong>ut</strong></span> <span class='ocrx_word' id='word_1_41' title='bbox 741 801 894 864; x_wconf 85' lang='lat' dir='ltr'><strong>nusquam</strong></span> <span class='ocrx_word' id='word_1_42' title='bbox 914 783 1044 844; x_wconf 88' lang='lat' dir='ltr'><strong>ulterius</strong></span> <span class='ocrx_word' id='word_1_43' title='bbox 1065 791 1130 844; x_wconf 90' lang='lat' dir='ltr'><strong>tam</strong></span> <span class='ocrx_word' id='word_1_44' title='bbox 1152 783 1362 844; x_wconf 85' lang='lat' dir='ltr'><strong>abominanda</strong></span> 
     </span>
     <span class='ocr_line' id='line_1_7' title="bbox 204 867 1361 949; baseline 0.002 -19"><span class='ocrx_word' id='word_1_45' title='bbox 204 871 408 932; x_wconf 88' lang='lat' dir='ltr'><strong>committant.</strong></span> <span class='ocrx_word' id='word_1_46' title='bbox 438 870 588 931; x_wconf 85' lang='lat' dir='ltr'><strong>Mulieres</strong></span> <span class='ocrx_word' id='word_1_47' title='bbox 609 888 685 930; x_wconf 90' lang='lat' dir='ltr'><strong>vero</strong></span> <span class='ocrx_word' id='word_1_48' title='bbox 707 887 766 931; x_wconf 89' lang='lat' dir='ltr'><strong>seu</strong></span> <span class='ocrx_word' id='word_1_49' title='bbox 786 869 902 932; x_wconf 80' lang='lat' dir='ltr'><strong>liberae</strong></span> <span class='ocrx_word' id='word_1_50' title='bbox 923 870 986 930; x_wconf 90' lang='lat' dir='ltr'><strong>sint</strong></span> <span class='ocrx_word' id='word_1_51' title='bbox 1008 887 1065 929; x_wconf 91' lang='lat' dir='ltr'><strong>seu</strong></span> <span class='ocrx_word' id='word_1_52' title='bbox 1088 867 1228 949; x_wconf 88' lang='lat' dir='ltr'><strong>ancillae,</strong></span> <span class='ocrx_word' id='word_1_53' title='bbox 1249 868 1361 946; x_wconf 77' lang='lat' dir='ltr'><strong>hac⁸)</strong></span> 
     </span>
     <span class='ocr_line' id='line_1_8' title="bbox 203 952 1361 1035; baseline -0.002 -19"><span class='ocrx_word' id='word_1_54' title='bbox 203 953 265 1016; x_wconf 85' lang='lat' dir='ltr'><strong>illis</strong></span> <span class='ocrx_word' id='word_1_55' title='bbox 291 953 479 1035; x_wconf 91' lang='lat' dir='ltr'><strong>turpitudine</strong></span> <span class='ocrx_word' id='word_1_56' title='bbox 489 955 524 1034; x_wconf 81' lang='lat'><strong>⁴)</strong></span> <span class='ocrx_word' id='word_1_57' title='bbox 552 955 708 1035; x_wconf 85' lang='lat' dir='ltr'><strong>sociatae,</strong></span> <span class='ocrx_word' id='word_1_58' title='bbox 736 955 781 1015; x_wconf 89' lang='lat' dir='ltr'><strong>ita</strong></span> <span class='ocrx_word' id='word_1_59' title='bbox 808 954 949 1016; x_wconf 90' lang='lat' dir='ltr'><strong>omnibus</strong></span> <span class='ocrx_word' id='word_1_60' title='bbox 975 952 1076 1015; x_wconf 92' lang='lat' dir='ltr'><strong>modis</strong></span> <span class='ocrx_word' id='word_1_61' title='bbox 1097 961 1281 1035; x_wconf 88' lang='lat' dir='ltr'><strong>separentur</strong></span> <span class='ocrx_word' id='word_1_62' title='bbox 1305 962 1361 1016; x_wconf 90' lang='lat' dir='ltr'><strong>aut</strong></span> 
     </span>
     <span class='ocr_line' id='line_1_9' title="bbox 205 1037 1361 1118; baseline 0.001 -17"><span class='ocrx_word' id='word_1_63' title='bbox 205 1045 293 1102; x_wconf 88' lang='lat' dir='ltr'><strong>certe</strong></span> <span class='ocrx_word' id='word_1_64' title='bbox 314 1041 489 1102; x_wconf 88' lang='lat' dir='ltr'><strong>vendantur</strong></span> <span class='ocrx_word' id='word_1_65' title='bbox 499 1037 550 1118; x_wconf 76' lang='lat'><strong>⁵),</strong></span> <span class='ocrx_word' id='word_1_66' title='bbox 579 1047 615 1101; x_wconf 90' lang='lat' dir='ltr'><strong>ut</strong></span> <span class='ocrx_word' id='word_1_67' title='bbox 641 1041 771 1101; x_wconf 88' lang='lat' dir='ltr'><strong>ulterius</strong></span> <span class='ocrx_word' id='word_1_68' title='bbox 793 1039 832 1101; x_wconf 88' lang='lat' dir='ltr'><strong>ad</strong></span> <span class='ocrx_word' id='word_1_69' title='bbox 854 1041 1000 1102; x_wconf 86' lang='lat' dir='ltr'><strong>conscios</strong></span> <span class='ocrx_word' id='word_1_70' title='bbox 1013 1037 1047 1118; x_wconf 80' lang='lat'><strong>⁰)</strong></span> <span class='ocrx_word' id='word_1_71' title='bbox 1076 1041 1125 1101; x_wconf 91' lang='lat' dir='ltr'><strong>sui</strong></span> <span class='ocrx_word' id='word_1_72' title='bbox 1148 1040 1283 1101; x_wconf 90' lang='lat' dir='ltr'><strong>criminis</strong></span> <span class='ocrx_word' id='word_1_73' title='bbox 1306 1060 1361 1102; x_wconf 90' lang='lat' dir='ltr'><strong>re-</strong></span> 
     </span>
     <span class='ocr_line' id='line_1_10' title="bbox 205 1123 1361 1208; baseline -0.003 -21"><span class='ocrx_word' id='word_1_74' title='bbox 205 1125 349 1188; x_wconf 89' lang='lat' dir='ltr'><strong>vertendi</strong></span> <span class='ocrx_word' id='word_1_75' title='bbox 369 1143 492 1187; x_wconf 90' lang='lat' dir='ltr'><strong>omnem</strong></span> <span class='ocrx_word' id='word_1_76' title='bbox 512 1125 650 1186; x_wconf 85' lang='lat' dir='ltr'><strong>habeant</strong></span> <span class='ocrx_word' id='word_1_77' title='bbox 670 1124 788 1187; x_wconf 88' lang='lat' dir='ltr'><strong>aditum</strong></span> <span class='ocrx_word' id='word_1_78' title='bbox 810 1123 1017 1208; x_wconf 86' lang='lat' dir='ltr'><strong>denegatum:</strong></span> <span class='ocrx_word' id='word_1_79' title='bbox 1047 1125 1090 1185; x_wconf 93' lang='lat' dir='ltr'><strong>illi</strong></span> <span class='ocrx_word' id='word_1_80' title='bbox 1109 1143 1185 1186; x_wconf 87' lang='lat' dir='ltr'><strong>vero</strong></span> <span class='ocrx_word' id='word_1_81' title='bbox 1208 1126 1236 1186; x_wconf 79' lang='lat' dir='ltr'><strong>ai</strong></span> <span class='ocrx_word' id='word_1_82' title='bbox 1257 1125 1361 1185; x_wconf 89' lang='lat' dir='ltr'><strong>omni-</strong></span> 
     </span>
     <span class='ocr_line' id='line_1_11' title="bbox 205 1210 1361 1292; baseline -0.002 -19"><span class='ocrx_word' id='word_1_83' title='bbox 205 1210 298 1273; x_wconf 89' lang='lat' dir='ltr'><strong>modo</strong></span> <span class='ocrx_word' id='word_1_84' title='bbox 329 1211 467 1273; x_wconf 89' lang='lat' dir='ltr'><strong>coerceri</strong></span> <span class='ocrx_word' id='word_1_85' title='bbox 495 1211 708 1292; x_wconf 87' lang='lat' dir='ltr'><strong>nequiverint,</strong></span> <span class='ocrx_word' id='word_1_86' title='bbox 737 1228 839 1292; x_wconf 90' lang='lat' dir='ltr'><strong>usque</strong></span> <span class='ocrx_word' id='word_1_87' title='bbox 868 1211 908 1272; x_wconf 94' lang='lat' dir='ltr'><strong>ad</strong></span> <span class='ocrx_word' id='word_1_88' title='bbox 937 1212 1055 1271; x_wconf 89' lang='lat' dir='ltr'><strong>exitum</strong></span> <span class='ocrx_word' id='word_1_89' title='bbox 1079 1210 1167 1272; x_wconf 88' lang='lat' dir='ltr'><strong>vitae</strong></span> <span class='ocrx_word' id='word_1_90' title='bbox 1188 1229 1267 1272; x_wconf 91' lang='lat' dir='ltr'><strong>suae</strong></span> <span class='ocrx_word' id='word_1_91' title='bbox 1288 1229 1361 1271; x_wconf 92' lang='lat' dir='ltr'><strong>mo-</strong></span> 
     </span>
     <span class='ocr_line' id='line_1_12' title="bbox 206 1294 1361 1380; baseline 0 -22"><span class='ocrx_word' id='word_1_92' title='bbox 206 1297 353 1358; x_wconf 80' lang='lat' dir='ltr'><strong>nasteriis</strong></span> <span class='ocrx_word' id='word_1_93' title='bbox 380 1296 521 1378; x_wconf 91' lang='lat' dir='ltr'><strong>deputati</strong></span> <span class='ocrx_word' id='word_1_94' title='bbox 553 1295 766 1380; x_wconf 84' lang='lat' dir='ltr'><strong>poenitentiae</strong></span> <span class='ocrx_word' id='word_1_95' title='bbox 801 1296 972 1378; x_wconf 86' lang='lat' dir='ltr'><strong>disciplinis</strong></span> <span class='ocrx_word' id='word_1_96' title='bbox 987 1294 1021 1376; x_wconf 73' lang='lat'><strong>¹³)</strong></span> <span class='ocrx_word' id='word_1_97' title='bbox 1059 1304 1206 1359; x_wconf 89' lang='lat' dir='ltr'><strong>maneant</strong></span> <span class='ocrx_word' id='word_1_98' title='bbox 1235 1297 1361 1360; x_wconf 87' lang='lat' dir='ltr'><strong>omniuo</strong></span> 
     </span>
     <span class='ocr_line' id='line_1_13' title="bbox 207 1379 996 1462; baseline 0 -18"><span class='ocrx_word' id='word_1_99' title='bbox 207 1379 351 1462; x_wconf 87' lang='lat' dir='ltr'><strong>subjecti.</strong></span> <span class='ocrx_word' id='word_1_100' title='bbox 993 1401 996 1406; x_wconf 90' lang='lat'>·</span> 
     </span>
    </p>
   </div>
   <div class='ocr_carea' id='block_1_4' title="bbox 207 1550 1367 2838">
    <p class='ocr_par' dir='ltr' id='par_1_4' title="bbox 207 1550 1367 2838">
     <span class='ocr_line' id='line_1_14' title="bbox 292 1550 1360 1636; baseline -0.002 -22"><span class='ocrx_word' id='word_1_101' title='bbox 292 1552 414 1615; x_wconf 87' lang='lat' dir='ltr'><strong>Sextae</strong></span> <span class='ocrx_word' id='word_1_102' title='bbox 435 1551 641 1615; x_wconf 86' lang='lat' dir='ltr'><strong>discussionis</strong></span> <span class='ocrx_word' id='word_1_103' title='bbox 661 1551 787 1632; x_wconf 87' lang='lat' dir='ltr'><strong>objectu</strong></span> <span class='ocrx_word' id='word_1_104' title='bbox 807 1550 1008 1636; x_wconf 90' lang='lat' dir='ltr'><strong>quorumdam</strong></span> <span class='ocrx_word' id='word_1_105' title='bbox 1028 1553 1110 1614; x_wconf 88' lang='lat' dir='ltr'><strong>male</strong></span> <span class='ocrx_word' id='word_1_106' title='bbox 1131 1551 1190 1615; x_wconf 90' lang='lat' dir='ltr'><strong>sibi</strong></span> <span class='ocrx_word' id='word_1_107' title='bbox 1211 1551 1360 1615; x_wconf 87' lang='lat' dir='ltr'><strong>conscio-</strong></span> 
     </span>
     <span class='ocr_line' id='line_1_15' title="bbox 207 1637 1360 1720; baseline -0.002 -18"><span class='ocrx_word' id='word_1_108' title='bbox 207 1655 277 1702; x_wconf 85' lang='lat' dir='ltr'><strong>rum</strong></span> <span class='ocrx_word' id='word_1_109' title='bbox 297 1641 400 1720; x_wconf 88' lang='lat' dir='ltr'><strong>patuit</strong></span> <span class='ocrx_word' id='word_1_110' title='bbox 420 1637 602 1700; x_wconf 88' lang='lat' dir='ltr'><strong>denotatum</strong></span> <span class='ocrx_word' id='word_1_111' title='bbox 624 1639 778 1720; x_wconf 82' lang='lat' dir='ltr'><strong>elogium,</strong></span> <span class='ocrx_word' id='word_1_112' title='bbox 807 1657 879 1700; x_wconf 89' lang='lat' dir='ltr'><strong>nam</strong></span> <span class='ocrx_word' id='word_1_113' title='bbox 906 1639 1037 1700; x_wconf 86' lang='lat' dir='ltr'><strong>relatum</strong></span> <span class='ocrx_word' id='word_1_114' title='bbox 1066 1647 1117 1699; x_wconf 89' lang='lat' dir='ltr'><strong>est</strong></span> <span class='ocrx_word' id='word_1_115' title='bbox 1142 1639 1233 1700; x_wconf 90' lang='lat' dir='ltr'><strong>nobis</strong></span> <span class='ocrx_word' id='word_1_116' title='bbox 1261 1657 1360 1720; x_wconf 88' lang='lat' dir='ltr'><strong>quos·</strong></span> 
     </span>
     <span class='ocr_line' id='line_1_16' title="bbox 209 1723 1360 1806; baseline -0.002 -20"><span class='ocrx_word' id='word_1_117' title='bbox 209 1723 282 1786; x_wconf 89' lang='lat' dir='ltr'><strong>dam</strong></span> <span class='ocrx_word' id='word_1_118' title='bbox 304 1725 532 1806; x_wconf 86' lang='lat' dir='ltr'><strong>subdiaconos,</strong></span> <span class='ocrx_word' id='word_1_119' title='bbox 560 1732 726 1806; x_wconf 89' lang='lat' dir='ltr'><strong>postquam</strong></span> <span class='ocrx_word' id='word_1_120' title='bbox 749 1723 788 1786; x_wconf 91' lang='lat' dir='ltr'><strong>ad</strong></span> <span class='ocrx_word' id='word_1_121' title='bbox 808 1723 891 1786; x_wconf 88' lang='lat' dir='ltr'><strong>sacri</strong></span> <span class='ocrx_word' id='word_1_122' title='bbox 912 1723 1005 1804; x_wconf 92' lang='lat' dir='ltr'><strong>hujus</strong></span> <span class='ocrx_word' id='word_1_123' title='bbox 1027 1723 1141 1786; x_wconf 87' lang='lat' dir='ltr'><strong>ordinis</strong></span> <span class='ocrx_word' id='word_1_124' title='bbox 1161 1725 1360 1804; x_wconf 87' lang='lat' dir='ltr'><strong>pervenerint</strong></span> 
     </span>
     <span class='ocr_line' id='line_1_17' title="bbox 211 1807 1358 1894; baseline -0.003 -22"><span class='ocrx_word' id='word_1_125' title='bbox 211 1807 360 1894; x_wconf 83' lang='lat' dir='ltr'><strong>gradum,</strong></span> <span class='ocrx_word' id='word_1_126' title='bbox 385 1831 447 1872; x_wconf 92' lang='lat' dir='ltr'><strong>non</strong></span> <span class='ocrx_word' id='word_1_127' title='bbox 469 1810 568 1872; x_wconf 91' lang='lat' dir='ltr'><strong>solum</strong></span> <span class='ocrx_word' id='word_1_128' title='bbox 591 1811 694 1873; x_wconf 89' lang='lat' dir='ltr'><strong>carnis</strong></span> <span class='ocrx_word' id='word_1_129' title='bbox 714 1810 906 1870; x_wconf 82' lang='lat' dir='ltr'><strong>immunditia</strong></span> <span class='ocrx_word' id='word_1_130' title='bbox 926 1809 1092 1890; x_wconf 91' lang='lat' dir='ltr'><strong>sordidari,</strong></span> <span class='ocrx_word' id='word_1_131' title='bbox 1120 1829 1189 1872; x_wconf 91' lang='lat' dir='ltr'><strong>curn</strong></span> <span class='ocrx_word' id='word_1_132' title='bbox 1210 1811 1358 1889; x_wconf 89' lang='lat' dir='ltr'><strong>scriptum</strong></span> 
     </span>
     <span class='ocr_line' id='line_1_18' title="bbox 210 1893 1360 1978; baseline -0.001 -21"><span class='ocrx_word' id='word_1_133' title='bbox 210 1896 253 1958; x_wconf 90' lang='lat' dir='ltr'><strong>sit</strong></span> <span class='ocrx_word' id='word_1_134' title='bbox 264 1893 316 1974; x_wconf 57' lang='grc' dir='ltr'><strong>Ἲς</strong></span> <span class='ocrx_word' id='word_1_135' title='bbox 353 1893 572 1971; x_wconf 70' lang='lat' dir='ltr'><strong>mandamina,</strong></span> <span class='ocrx_word' id='word_1_136' title='bbox 602 1897 657 1978; x_wconf 81' lang='lat' dir='ltr'><strong>qut</strong></span> <span class='ocrx_word' id='word_1_137' title='bbox 671 1898 770 1977; x_wconf 81' lang='lat' dir='ltr'><strong>sartis</strong></span> <span class='ocrx_word' id='word_1_138' title='bbox 789 1915 867 1956; x_wconf 84' lang='lat' dir='ltr'><strong>uasa</strong></span> <span class='ocrx_word' id='word_1_139' title='bbox 888 1895 1030 1970; x_wconf 50' lang='lat' dir='ltr'><strong>domim}</strong></span> <span class='ocrx_word' id='word_1_140' title='bbox 1059 1894 1250 1976; x_wconf 89' lang='lat' dir='ltr'><strong>sedetiam,</strong></span> <span class='ocrx_word' id='word_1_141' title='bbox 1278 1893 1360 1974; x_wconf 91' lang='lat' dir='ltr'><strong>quod</strong></span> 
     </span>
     <span class='ocr_line' id='line_1_19' title="bbox 210 1980 1362 2063; baseline -0.002 -21"><span class='ocrx_word' id='word_1_142' title='bbox 210 1980 299 2043; x_wconf 90' lang='lat' dir='ltr'><strong>dictu</strong></span> <span class='ocrx_word' id='word_1_143' title='bbox 327 2001 451 2062; x_wconf 89' lang='lat' dir='ltr'><strong>quoque</strong></span> <span class='ocrx_word' id='word_1_144' title='bbox 480 1983 570 2042; x_wconf 87' lang='lat' dir='ltr'><strong>nefas</strong></span> <span class='ocrx_word' id='word_1_145' title='bbox 601 1989 668 2061; x_wconf 89' lang='lat' dir='ltr'><strong>est,</strong></span> <span class='ocrx_word' id='word_1_146' title='bbox 700 1983 791 2042; x_wconf 91' lang='lat' dir='ltr'><strong>novis</strong></span> <span class='ocrx_word' id='word_1_147' title='bbox 818 1981 967 2041; x_wconf 88' lang='lat' dir='ltr'><strong>uxoribus</strong></span> <span class='ocrx_word' id='word_1_148' title='bbox 996 1981 1150 2063; x_wconf 87' lang='lat' dir='ltr'><strong>copulari,</strong></span> <span class='ocrx_word' id='word_1_149' title='bbox 1181 1989 1362 2042; x_wconf 88' lang='lat' dir='ltr'><strong>asserentes</strong></span> 
     </span>
     <span class='ocr_line' id='line_1_20' title="bbox 208 2065 1363 2147; baseline -0.003 -18"><span class='ocrx_word' id='word_1_150' title='bbox 208 2065 273 2129; x_wconf 92' lang='lat' dir='ltr'><strong>hoc</strong></span> <span class='ocrx_word' id='word_1_151' title='bbox 294 2065 365 2127; x_wconf 93' lang='lat' dir='ltr'><strong>ideo</strong></span> <span class='ocrx_word' id='word_1_152' title='bbox 386 2069 446 2129; x_wconf 92' lang='lat' dir='ltr'><strong>sibi</strong></span> <span class='ocrx_word' id='word_1_153' title='bbox 465 2067 571 2146; x_wconf 86' lang='lat' dir='ltr'><strong>licere,</strong></span> <span class='ocrx_word' id='word_1_154' title='bbox 591 2067 664 2147; x_wconf 91' lang='lat' dir='ltr'><strong>quia</strong></span> <span class='ocrx_word' id='word_1_155' title='bbox 680 2065 930 2128; x_wconf 88' lang='lat' dir='ltr'><strong>benedictionem</strong></span> <span class='ocrx_word' id='word_1_156' title='bbox 952 2085 971 2127; x_wconf 89' lang='lat' dir='ltr'><strong>a</strong></span> <span class='ocrx_word' id='word_1_157' title='bbox 991 2065 1139 2144; x_wconf 85' lang='lat' dir='ltr'><strong>pontifice</strong></span> <span class='ocrx_word' id='word_1_158' title='bbox 1160 2085 1196 2128; x_wconf 88' lang='lat' dir='ltr'><strong>se</strong></span> <span class='ocrx_word' id='word_1_159' title='bbox 1217 2067 1363 2126; x_wconf 90' lang='lat' dir='ltr'><strong>nesciunt</strong></span> 
     </span>
     <span class='ocr_line' id='line_1_21' title="bbox 210 2149 1363 2233; baseline 0 -21"><span class='ocrx_word' id='word_1_160' title='bbox 210 2153 404 2233; x_wconf 88' lang='lat' dir='ltr'><strong>percepisse.</strong></span> <span class='ocrx_word' id='word_1_161' title='bbox 445 2150 578 2212; x_wconf 90' lang='lat' dir='ltr'><strong>Proinde</strong></span> <span class='ocrx_word' id='word_1_162' title='bbox 608 2152 690 2212; x_wconf 90' lang='lat' dir='ltr'><strong>omni</strong></span> <span class='ocrx_word' id='word_1_163' title='bbox 719 2153 956 2212; x_wconf 88' lang='lat' dir='ltr'><strong>excusationum</strong></span> <span class='ocrx_word' id='word_1_164' title='bbox 983 2151 1117 2213; x_wconf 90' lang='lat' dir='ltr'><strong>discisso</strong></span> <span class='ocrx_word' id='word_1_165' title='bbox 1145 2153 1301 2213; x_wconf 86' lang='lat' dir='ltr'><strong>velamine</strong></span> <span class='ocrx_word' id='word_1_166' title='bbox 1329 2149 1363 2212; x_wconf 91' lang='lat' dir='ltr'><strong>id</strong></span> 
     </span>
     <span class='ocr_line' id='line_1_22' title="bbox 211 2237 1360 2318; baseline -0.001 -21"><span class='ocrx_word' id='word_1_167' title='bbox 211 2239 419 2318; x_wconf 87' lang='lat' dir='ltr'><strong>praecipimus</strong></span> <span class='ocrx_word' id='word_1_168' title='bbox 448 2237 623 2316; x_wconf 90' lang='lat' dir='ltr'><strong>observari,</strong></span> <span class='ocrx_word' id='word_1_169' title='bbox 652 2245 689 2296; x_wconf 91' lang='lat' dir='ltr'><strong>ut</strong></span> <span class='ocrx_word' id='word_1_170' title='bbox 716 2255 788 2299; x_wconf 92' lang='lat' dir='ltr'><strong>cum</strong></span> <span class='ocrx_word' id='word_1_171' title='bbox 817 2237 910 2300; x_wconf 87' lang='lat' dir='ltr'><strong>iidem</strong></span> <span class='ocrx_word' id='word_1_172' title='bbox 940 2237 1150 2300; x_wconf 88' lang='lat' dir='ltr'><strong>subdiacones</strong></span> <span class='ocrx_word' id='word_1_173' title='bbox 1177 2237 1360 2314; x_wconf 89' lang='lat' dir='ltr'><strong>ordinantur,</strong></span> 
     </span>
     <span class='ocr_line' id='line_1_23' title="bbox 214 2321 1363 2404; baseline -0.006 -17"><span class='ocrx_word' id='word_1_174' title='bbox 214 2339 286 2387; x_wconf 89' lang='lat' dir='ltr'><strong>cum</strong></span> <span class='ocrx_word' id='word_1_175' title='bbox 306 2325 395 2384; x_wconf 89' lang='lat' dir='ltr'><strong>vasis</strong></span> <span class='ocrx_word' id='word_1_176' title='bbox 416 2322 577 2383; x_wconf 90' lang='lat' dir='ltr'><strong>ministerii</strong></span> <span class='ocrx_word' id='word_1_177' title='bbox 597 2321 774 2382; x_wconf 90' lang='lat' dir='ltr'><strong>benedictio</strong></span> <span class='ocrx_word' id='word_1_178' title='bbox 799 2323 846 2383; x_wconf 91' lang='lat' dir='ltr'><strong>eis</strong></span> <span class='ocrx_word' id='word_1_179' title='bbox 868 2323 906 2383; x_wconf 88' lang='lat' dir='ltr'><strong>ab</strong></span> <span class='ocrx_word' id='word_1_180' title='bbox 929 2323 1078 2403; x_wconf 91' lang='lat' dir='ltr'><strong>episcopo</strong></span> <span class='ocrx_word' id='word_1_181' title='bbox 1100 2323 1205 2404; x_wconf 89' lang='lat' dir='ltr'><strong>detur,</strong></span> <span class='ocrx_word' id='word_1_182' title='bbox 1227 2325 1308 2383; x_wconf 88' lang='lat' dir='ltr'><strong>sicut</strong></span> <span class='ocrx_word' id='word_1_183' title='bbox 1326 2321 1363 2380; x_wconf 90' lang='lat' dir='ltr'><strong>in</strong></span> 
     </span>
     <span class='ocr_line' id='line_1_24' title="bbox 214 2407 1364 2490; baseline -0.002 -22"><span class='ocrx_word' id='word_1_184' title='bbox 214 2408 398 2489; x_wconf 86' lang='lat' dir='ltr'><strong>quibusdam</strong></span> <span class='ocrx_word' id='word_1_185' title='bbox 421 2407 566 2469; x_wconf 87' lang='lat' dir='ltr'><strong>ecclesiis</strong></span> <span class='ocrx_word' id='word_1_186' title='bbox 588 2417 733 2468; x_wconf 83' lang='lat' dir='ltr'><strong>vetustas</strong></span> <span class='ocrx_word' id='word_1_187' title='bbox 755 2407 849 2468; x_wconf 88' lang='lat' dir='ltr'><strong>tradit</strong></span> <span class='ocrx_word' id='word_1_188' title='bbox 869 2409 1013 2490; x_wconf 90' lang='lat' dir='ltr'><strong>antiqua,</strong></span> <span class='ocrx_word' id='word_1_189' title='bbox 1036 2417 1068 2470; x_wconf 90' lang='lat' dir='ltr'><strong>et</strong></span> <span class='ocrx_word' id='word_1_190' title='bbox 1089 2427 1180 2470; x_wconf 89' lang='lat' dir='ltr'><strong>sacra</strong></span> <span class='ocrx_word' id='word_1_191' title='bbox 1201 2407 1364 2490; x_wconf 87' lang='lat' dir='ltr'><strong>dignosci-</strong></span> 
     </span>
     <span class='ocr_line' id='line_1_25' title="bbox 213 2491 1364 2574; baseline -0.003 -19"><span class='ocrx_word' id='word_1_192' title='bbox 213 2501 264 2556; x_wconf 86' lang='lat' dir='ltr'><strong>tur</strong></span> <span class='ocrx_word' id='word_1_193' title='bbox 293 2493 487 2556; x_wconf 88' lang='lat' dir='ltr'><strong>consuetudo</strong></span> <span class='ocrx_word' id='word_1_194' title='bbox 515 2493 660 2554; x_wconf 89' lang='lat' dir='ltr'><strong>substare</strong></span> <span class='ocrx_word' id='word_1_195' title='bbox 686 2493 825 2574; x_wconf 89' lang='lat' dir='ltr'><strong>prolata,</strong></span> <span class='ocrx_word' id='word_1_196' title='bbox 857 2494 939 2554; x_wconf 90' lang='lat' dir='ltr'><strong>omni</strong></span> <span class='ocrx_word' id='word_1_197' title='bbox 966 2496 1091 2574; x_wconf 91' lang='lat' dir='ltr'><strong>penitus</strong></span> <span class='ocrx_word' id='word_1_198' title='bbox 1118 2495 1156 2555; x_wconf 93' lang='lat' dir='ltr'><strong>ab</strong></span> <span class='ocrx_word' id='word_1_199' title='bbox 1184 2493 1245 2554; x_wconf 91' lang='lat' dir='ltr'><strong>illis</strong></span> <span class='ocrx_word' id='word_1_200' title='bbox 1271 2491 1364 2554; x_wconf 91' lang='lat' dir='ltr'><strong>sorde</strong></span> 
     </span>
     <span class='ocr_line' id='line_1_26' title="bbox 214 2575 1365 2656; baseline -0.003 -13"><span class='ocrx_word' id='word_1_201' title='bbox 214 2581 374 2643; x_wconf 88' lang='lat' dir='ltr'><strong>mulierum</strong></span> <span class='ocrx_word' id='word_1_202' title='bbox 405 2597 444 2640; x_wconf 88' lang='lat' dir='ltr'><strong>ac</strong></span> <span class='ocrx_word' id='word_1_203' title='bbox 470 2577 677 2640; x_wconf 80' lang='lat' dir='ltr'><strong>familiaritate</strong></span> <span class='ocrx_word' id='word_1_204' title='bbox 703 2587 831 2641; x_wconf 87' lang='lat' dir='ltr'><strong>remota.</strong></span> <span class='ocrx_word' id='word_1_205' title='bbox 881 2575 973 2656; x_wconf 77' lang='lat' dir='ltr'><strong>Quod</strong></span> <span class='ocrx_word' id='word_1_206' title='bbox 994 2581 1022 2640; x_wconf 93' lang='lat' dir='ltr'><strong>si</strong></span> <span class='ocrx_word' id='word_1_207' title='bbox 1041 2581 1103 2640; x_wconf 90' lang='lat' dir='ltr'><strong>hoc</strong></span> <span class='ocrx_word' id='word_1_208' title='bbox 1122 2580 1252 2641; x_wconf 89' lang='lat' dir='ltr'><strong>vulnere</strong></span> <span class='ocrx_word' id='word_1_209' title='bbox 1273 2577 1365 2639; x_wconf 85' lang='lat' dir='ltr'><strong>d&#39;ein-</strong></span> 
     </span>
     <span class='ocr_line' id='line_1_27' title="bbox 214 2664 1367 2744; baseline -0.002 -16"><span class='ocrx_word' id='word_1_210' title='bbox 214 2685 293 2744; x_wconf 90' lang='lat' dir='ltr'><strong>ceps</strong></span> <span class='ocrx_word' id='word_1_211' title='bbox 312 2665 425 2728; x_wconf 83' lang='lat' dir='ltr'><strong>fuerint</strong></span> <span class='ocrx_word' id='word_1_212' title='bbox 446 2665 596 2742; x_wconf 87' lang='lat' dir='ltr'><strong>sauciati,</strong></span> <span class='ocrx_word' id='word_1_213' title='bbox 623 2683 696 2725; x_wconf 89' lang='lat' dir='ltr'><strong>mox</strong></span> <span class='ocrx_word' id='word_1_214' title='bbox 717 2673 807 2725; x_wconf 85' lang='lat' dir='ltr'><strong>eruut</strong></span> <span class='ocrx_word' id='word_1_215' title='bbox 829 2664 887 2726; x_wconf 92' lang='lat' dir='ltr'><strong>sub</strong></span> <span class='ocrx_word' id='word_1_216' title='bbox 908 2665 1119 2744; x_wconf 89' lang='lat' dir='ltr'><strong>poenitentiae</strong></span> <span class='ocrx_word' id='word_1_217' title='bbox 1141 2666 1286 2728; x_wconf 88' lang='lat' dir='ltr'><strong>oneribus</strong></span> <span class='ocrx_word' id='word_1_218' title='bbox 1307 2683 1367 2726; x_wconf 90' lang='lat' dir='ltr'><strong>us-</strong></span> 
     </span>
     <span class='ocr_line' id='line_1_28' title="bbox 215 2749 1038 2838; baseline 0 -28"><span class='ocrx_word' id='word_1_219' title='bbox 215 2757 278 2838; x_wconf 80' lang='lat' dir='ltr'><strong>que</strong></span> <span class='ocrx_word' id='word_1_220' title='bbox 298 2749 339 2814; x_wconf 89' lang='lat' dir='ltr'><strong>ad</strong></span> <span class='ocrx_word' id='word_1_221' title='bbox 360 2759 533 2814; x_wconf 88' lang='lat' dir='ltr'><strong>extremum</strong></span> <span class='ocrx_word' id='word_1_222' title='bbox 552 2751 639 2813; x_wconf 88' lang='lat' dir='ltr'><strong>vitae</strong></span> <span class='ocrx_word' id='word_1_223' title='bbox 659 2750 857 2811; x_wconf 87' lang='lat' dir='ltr'><strong>monasteriis</strong></span> <span class='ocrx_word' id='word_1_224' title='bbox 878 2749 1038 2834; x_wconf 86' lang='lat' dir='ltr'><strong>religandi.</strong></span> 
     </span>
    </p>
   </div>
   <div class='ocr_carea' id='block_1_5' title="bbox 216 2953 1370 3977">
    <p class='ocr_par' dir='ltr' id='par_1_5' title="bbox 216 2953 1370 3977">
     <span class='ocr_line' id='line_1_29' title="bbox 302 2953 1367 3035; baseline -0.002 -18"><span class='ocrx_word' id='word_1_225' title='bbox 302 2955 463 3035; x_wconf 87' lang='lat' dir='ltr'><strong>Septimae</strong></span> <span class='ocrx_word' id='word_1_226' title='bbox 492 2953 675 3017; x_wconf 88' lang='lat' dir='ltr'><strong>assertionis</strong></span> <span class='ocrx_word' id='word_1_227' title='bbox 706 2971 841 3017; x_wconf 89' lang='lat' dir='ltr'><strong>accessu</strong></span> <span class='ocrx_word' id='word_1_228' title='bbox 871 2953 957 3016; x_wconf 89' lang='lat' dir='ltr'><strong>adiit·</strong></span> <span class='ocrx_word' id='word_1_229' title='bbox 979 2965 1105 3018; x_wconf 91' lang='lat' dir='ltr'><strong>coetum</strong></span> <span class='ocrx_word' id='word_1_230' title='bbox 1133 2965 1273 3020; x_wconf 91' lang='lat' dir='ltr'><strong>nostrum</strong></span> <span class='ocrx_word' id='word_1_231' title='bbox 1301 2961 1367 3016; x_wconf 88' lang='lat' dir='ltr'><strong>tam</strong></span> 
     </span>
     <span class='ocr_line' id='line_1_30' title="bbox 216 3040 1368 3122; baseline -0.002 -18"><span class='ocrx_word' id='word_1_232' title='bbox 216 3041 429 3104; x_wconf 85' lang='lat' dir='ltr'><strong>inverecunda</strong></span> <span class='ocrx_word' id='word_1_233' title='bbox 456 3040 656 3122; x_wconf 84' lang='lat' dir='ltr'><strong>progressio,</strong></span> <span class='ocrx_word' id='word_1_234' title='bbox 689 3058 781 3120; x_wconf 87' lang='lat' dir='ltr'><strong>quam</strong></span> <span class='ocrx_word' id='word_1_235' title='bbox 816 3041 962 3122; x_wconf 86' lang='lat' dir='ltr'><strong>ignobilis</strong></span> <span class='ocrx_word' id='word_1_236' title='bbox 989 3059 1028 3101; x_wconf 91' lang='lat' dir='ltr'><strong>ac</strong></span> <span class='ocrx_word' id='word_1_237' title='bbox 1057 3041 1245 3104; x_wconf 87' lang='lat' dir='ltr'><strong>detestanda</strong></span> <span class='ocrx_word' id='word_1_238' title='bbox 1271 3059 1368 3121; x_wconf 90' lang='lat' dir='ltr'><strong>prae-</strong></span> 
     </span>
     <span class='ocr_line' id='line_1_31' title="bbox 218 3126 1368 3208; baseline -0.004 -18"><span class='ocrx_word' id='word_1_239' title='bbox 218 3127 372 3208; x_wconf 67' lang='lat' dir='ltr'><strong>sumptio,</strong></span> <span class='ocrx_word' id='word_1_240' title='bbox 393 3126 545 3208; x_wconf 87' lang='lat' dir='ltr'><strong>quosdam</strong></span> <span class='ocrx_word' id='word_1_241' title='bbox 564 3126 645 3186; x_wconf 89' lang='lat' dir='ltr'><strong>enim</strong></span> <span class='ocrx_word' id='word_1_242' title='bbox 667 3135 721 3186; x_wconf 88' lang='lat' dir='ltr'><strong>aut</strong></span> <span class='ocrx_word' id='word_1_243' title='bbox 742 3135 860 3190; x_wconf 86' lang='lat' dir='ltr'><strong>eventu</strong></span> <span class='ocrx_word' id='word_1_244' title='bbox 880 3127 1106 3190; x_wconf 87' lang='lat' dir='ltr'><strong>necessitatum</strong></span> <span class='ocrx_word' id='word_1_245' title='bbox 1126 3138 1181 3190; x_wconf 89' lang='lat' dir='ltr'><strong>aut</strong></span> <span class='ocrx_word' id='word_1_246' title='bbox 1200 3133 1286 3190; x_wconf 90' lang='lat' dir='ltr'><strong>metu</strong></span> <span class='ocrx_word' id='word_1_247' title='bbox 1307 3145 1368 3206; x_wconf 87' lang='lat' dir='ltr'><strong>pe-</strong></span> 
     </span>
     <span class='ocr_line' id='line_1_32' title="bbox 217 3209 1369 3292; baseline -0.002 -18"><span class='ocrx_word' id='word_1_248' title='bbox 217 3212 383 3276; x_wconf 90' lang='lat' dir='ltr'><strong>riculorum</strong></span> <span class='ocrx_word' id='word_1_249' title='bbox 417 3211 551 3292; x_wconf 91' lang='lat' dir='ltr'><strong>adeptos</strong></span> <span class='ocrx_word' id='word_1_250' title='bbox 587 3211 686 3271; x_wconf 90' lang='lat' dir='ltr'><strong>fuisse</strong></span> <span class='ocrx_word' id='word_1_251' title='bbox 706 3209 740 3289; x_wconf 82' lang='lat'><strong>⁹)</strong></span> <span class='ocrx_word' id='word_1_252' title='bbox 773 3213 916 3274; x_wconf 92' lang='lat' dir='ltr'><strong>novimus</strong></span> <span class='ocrx_word' id='word_1_253' title='bbox 948 3213 1235 3276; x_wconf 85' lang='lat' dir='ltr'><strong>ecclesiasticarum</strong></span> <span class='ocrx_word' id='word_1_254' title='bbox 1263 3211 1369 3273; x_wconf 88' lang='lat' dir='ltr'><strong>officia</strong></span> 
     </span>
     <span class='ocr_line' id='line_1_33' title="bbox 218 3296 1369 3378; baseline -0.003 -18"><span class='ocrx_word' id='word_1_255' title='bbox 218 3297 425 3378; x_wconf 83' lang='lat' dir='ltr'><strong>dignitatum,</strong></span> <span class='ocrx_word' id='word_1_256' title='bbox 455 3305 488 3358; x_wconf 90' lang='lat' dir='ltr'><strong>et</strong></span> <span class='ocrx_word' id='word_1_257' title='bbox 509 3297 653 3378; x_wconf 88' lang='lat' dir='ltr'><strong>quoniam</strong></span> <span class='ocrx_word' id='word_1_258' title='bbox 675 3314 745 3357; x_wconf 93' lang='lat' dir='ltr'><strong>cum</strong></span> <span class='ocrx_word' id='word_1_259' title='bbox 766 3297 826 3357; x_wconf 91' lang='lat' dir='ltr'><strong>illis</strong></span> <span class='ocrx_word' id='word_1_260' title='bbox 840 3297 892 3375; x_wconf 82' lang='lat'><strong>¹⁰)</strong></span> <span class='ocrx_word' id='word_1_261' title='bbox 919 3298 1149 3376; x_wconf 87' lang='lat' dir='ltr'><strong>imponerentur</strong></span> <span class='ocrx_word' id='word_1_262' title='bbox 1169 3299 1200 3360; x_wconf 95' lang='lat' dir='ltr'><strong>id</strong></span> <span class='ocrx_word' id='word_1_263' title='bbox 1221 3297 1281 3360; x_wconf 90' lang='lat' dir='ltr'><strong>sibi</strong></span> <span class='ocrx_word' id='word_1_264' title='bbox 1301 3296 1369 3358; x_wconf 89' lang='lat' dir='ltr'><strong>fieri</strong></span> 
     </span>
     <span class='ocr_line' id='line_1_34' title="bbox 219 3381 1369 3465; baseline -0.002 -21"><span class='ocrx_word' id='word_1_265' title='bbox 219 3383 360 3444; x_wconf 90' lang='lat' dir='ltr'><strong>uoluisse</strong></span> <span class='ocrx_word' id='word_1_266' title='bbox 388 3381 627 3464; x_wconf 78' lang='lat' dir='ltr'><strong>testantur11),</strong></span> <span class='ocrx_word' id='word_1_267' title='bbox 655 3381 770 3444; x_wconf 92' lang='lat' dir='ltr'><strong>idcirco</strong></span> <span class='ocrx_word' id='word_1_268' title='bbox 791 3382 872 3442; x_wconf 89' lang='lat' dir='ltr'><strong>haee</strong></span> <span class='ocrx_word' id='word_1_269' title='bbox 893 3402 1041 3462; x_wconf 87' lang='lat' dir='ltr'><strong>spernere</strong></span> <span class='ocrx_word' id='word_1_270' title='bbox 1062 3393 1157 3465; x_wconf 92' lang='lat' dir='ltr'><strong>atque</strong></span> <span class='ocrx_word' id='word_1_271' title='bbox 1177 3383 1217 3446; x_wconf 92' lang='lat' dir='ltr'><strong>ad</strong></span> <span class='ocrx_word' id='word_1_272' title='bbox 1238 3383 1369 3462; x_wconf 88' lang='lat' dir='ltr'><strong>pristina</strong></span> 
     </span>
     <span class='ocr_line' id='line_1_35' title="bbox 220 3465 1370 3550; baseline 0.001 -23"><span class='ocrx_word' id='word_1_273' title='bbox 220 3475 401 3548; x_wconf 89' lang='lat' dir='ltr'><strong>pertentant</strong></span> <span class='ocrx_word' id='word_1_274' title='bbox 430 3467 576 3549; x_wconf 87' lang='lat' dir='ltr'><strong>conjugia</strong></span> <span class='ocrx_word' id='word_1_275' title='bbox 605 3485 770 3546; x_wconf 89' lang='lat' dir='ltr'><strong>moresque</strong></span> <span class='ocrx_word' id='word_1_276' title='bbox 798 3465 915 3548; x_wconf 88' lang='lat' dir='ltr'><strong>redire,</strong></span> <span class='ocrx_word' id='word_1_277' title='bbox 950 3475 1014 3528; x_wconf 86' lang='lat' dir='ltr'><strong>tam</strong></span> <span class='ocrx_word' id='word_1_278' title='bbox 1048 3471 1190 3550; x_wconf 90' lang='lat' dir='ltr'><strong>nequiter</strong></span> <span class='ocrx_word' id='word_1_279' title='bbox 1217 3469 1370 3530; x_wconf 88' lang='lat' dir='ltr'><strong>coelestia</strong></span> 
     </span>
     <span class='ocr_line' id='line_1_36' title="bbox 218 3550 1370 3634; baseline 0 -22"><span class='ocrx_word' id='word_1_280' title='bbox 218 3550 289 3632; x_wconf 90' lang='lat' dir='ltr'><strong>jura</strong></span> <span class='ocrx_word' id='word_1_281' title='bbox 310 3551 483 3634; x_wconf 88' lang='lat' dir='ltr'><strong>solventes,</strong></span> <span class='ocrx_word' id='word_1_282' title='bbox 504 3572 597 3634; x_wconf 88' lang='lat' dir='ltr'><strong>quam</strong></span> <span class='ocrx_word' id='word_1_283' title='bbox 616 3560 758 3632; x_wconf 86' lang='lat' dir='ltr'><strong>prompte</strong></span> <span class='ocrx_word' id='word_1_284' title='bbox 779 3552 992 3614; x_wconf 85' lang='lat' dir='ltr'><strong>saecularibus</strong></span> <span class='ocrx_word' id='word_1_285' title='bbox 1013 3562 1124 3618; x_wconf 87' lang='lat' dir='ltr'><strong>extant</strong></span> <span class='ocrx_word' id='word_1_286' title='bbox 1143 3554 1299 3616; x_wconf 88' lang='lat' dir='ltr'><strong>illecebris</strong></span> <span class='ocrx_word' id='word_1_287' title='bbox 1318 3554 1370 3612; x_wconf 88' lang='lat' dir='ltr'><strong>in-</strong></span> 
     </span>
     <span class='ocr_line' id='line_1_37' title="bbox 218 3635 1370 3720; baseline 0.002 -23"><span class='ocrx_word' id='word_1_288' title='bbox 218 3637 356 3704; x_wconf 88' lang='lat' dir='ltr'><strong>hiantes.</strong></span> <span class='ocrx_word' id='word_1_289' title='bbox 386 3635 456 3714; x_wconf 80' lang='lat' dir='ltr'><strong>Qua</strong></span> <span class='ocrx_word' id='word_1_290' title='bbox 478 3638 517 3700; x_wconf 89' lang='lat' dir='ltr'><strong>de</strong></span> <span class='ocrx_word' id='word_1_291' title='bbox 540 3658 573 3700; x_wconf 91' lang='lat' dir='ltr'><strong>re</strong></span> <span class='ocrx_word' id='word_1_292' title='bbox 595 3656 691 3700; x_wconf 88' lang='lat' dir='ltr'><strong>nosse</strong></span> <span class='ocrx_word' id='word_1_293' title='bbox 711 3655 770 3698; x_wconf 90' lang='lat' dir='ltr'><strong>nos</strong></span> <span class='ocrx_word' id='word_1_294' title='bbox 792 3638 954 3719; x_wconf 88' lang='lat' dir='ltr'><strong>convenit,</strong></span> <span class='ocrx_word' id='word_1_295' title='bbox 975 3639 1058 3718; x_wconf 90' lang='lat' dir='ltr'><strong>quod</strong></span> <span class='ocrx_word' id='word_1_296' title='bbox 1080 3641 1267 3720; x_wconf 91' lang='lat' dir='ltr'><strong>episcopalis</strong></span> <span class='ocrx_word' id='word_1_297' title='bbox 1289 3639 1370 3700; x_wconf 89' lang='lat' dir='ltr'><strong>emi-</strong></span> 
     </span>
     <span class='ocr_line' id='line_1_38' title="bbox 220 3722 1369 3802; baseline -0.002 -16"><span class='ocrx_word' id='word_1_298' title='bbox 220 3723 347 3786; x_wconf 85' lang='lat' dir='ltr'><strong>nentiae</strong></span> <span class='ocrx_word' id='word_1_299' title='bbox 373 3723 561 3802; x_wconf 84' lang='lat' dir='ltr'><strong>eulmen12)</strong></span> <span class='ocrx_word' id='word_1_300' title='bbox 587 3742 649 3784; x_wconf 90' lang='lat' dir='ltr'><strong>uon</strong></span> <span class='ocrx_word' id='word_1_301' title='bbox 677 3722 826 3784; x_wconf 89' lang='lat' dir='ltr'><strong>immerito</strong></span> <span class='ocrx_word' id='word_1_302' title='bbox 852 3724 952 3785; x_wconf 89' lang='lat' dir='ltr'><strong>sacris</strong></span> <span class='ocrx_word' id='word_1_303' title='bbox 978 3726 1119 3786; x_wconf 90' lang='lat' dir='ltr'><strong>omnibus</strong></span> <span class='ocrx_word' id='word_1_304' title='bbox 1146 3744 1220 3788; x_wconf 85' lang='lat' dir='ltr'><strong>esse</strong></span> <span class='ocrx_word' id='word_1_305' title='bbox 1248 3742 1369 3786; x_wconf 85' lang='lat' dir='ltr'><strong>summa</strong></span> 
     </span>
     <span class='ocr_line' id='line_1_39' title="bbox 220 3805 1366 3891; baseline -0.002 -21"><span class='ocrx_word' id='word_1_306' title='bbox 220 3809 425 3890; x_wconf 87' lang='lat' dir='ltr'><strong>percensuit,</strong></span> <span class='ocrx_word' id='word_1_307' title='bbox 467 3827 548 3891; x_wconf 86' lang='lat' dir='ltr'><strong>quae</strong></span> <span class='ocrx_word' id='word_1_308' title='bbox 587 3807 703 3870; x_wconf 89' lang='lat' dir='ltr'><strong>ceteris</strong></span> <span class='ocrx_word' id='word_1_309' title='bbox 740 3805 954 3885; x_wconf 85' lang='lat' dir='ltr'><strong>sacerdotibus</strong></span> <span class='ocrx_word' id='word_1_310' title='bbox 987 3807 1163 3872; x_wconf 82' lang='lat' dir='ltr'><strong>exercenda</strong></span> <span class='ocrx_word' id='word_1_311' title='bbox 1194 3809 1366 3887; x_wconf 88' lang='lat' dir='ltr'><strong>prohibuit:</strong></span> 
     </span>
     <span class='ocr_line' id='line_1_40' title="bbox 222 3891 1369 3977; baseline -0.002 -19"><span class='ocrx_word' id='word_1_312' title='bbox 222 3895 347 3958; x_wconf 82' lang='lat' dir='ltr'><strong>seilicet</strong></span> <span class='ocrx_word' id='word_1_313' title='bbox 362 3895 545 3977; x_wconf 91' lang='lat' dir='ltr'><strong>templorum</strong></span> <span class='ocrx_word' id='word_1_314' title='bbox 563 3891 615 3956; x_wconf 89' lang='lat' dir='ltr'><strong>dei</strong></span> <span class='ocrx_word' id='word_1_315' title='bbox 631 3893 847 3974; x_wconf 85' lang='lat' dir='ltr'><strong>sacrationem,</strong></span> <span class='ocrx_word' id='word_1_316' title='bbox 863 3893 1038 3956; x_wconf 86' lang='lat' dir='ltr'><strong>chrismatis</strong></span> <span class='ocrx_word' id='word_1_317' title='bbox 1050 3893 1104 3975; x_wconf 73' lang='grc'><strong>13)</strong></span> <span class='ocrx_word' id='word_1_318' title='bbox 1120 3896 1369 3961; x_wconf 85' lang='lat' dir='ltr'><strong>benedictionem</strong></span> 
     </span>
    </p>
   </div>
   <div class='ocr_carea' id='block_1_6' title="bbox 221 4073 422 4090">
    <p class='ocr_par' dir='ltr' id='par_1_6' title="bbox 221 4073 422 4090">
     <span class='ocr_line' id='line_1_41' title="bbox 221 4073 422 4090; baseline 0.01 -4"><span class='ocrx_word' id='word_1_319' title='bbox 221 4073 422 4090; x_wconf 51' lang='lat' dir='ltr'><em>m</em></span> 
     </span>
    </p>
   </div>
   <div class='ocr_carea' id='block_1_7' title="bbox 242 4159 1375 4718">
    <p class='ocr_par' dir='ltr' id='par_1_7' title="bbox 262 4159 1372 4243">
     <span class='ocr_line' id='line_1_42' title="bbox 262 4159 1372 4243; baseline -0.002 -29"><span class='ocrx_word' id='word_1_320' title='bbox 262 4163 291 4234; x_wconf 86' lang='lat'><strong>1)</strong></span> <span class='ocrx_word' id='word_1_321' title='bbox 308 4161 415 4230; x_wconf 53' lang='lat' dir='ltr'><strong>[lapillis</strong></span> <span class='ocrx_word' id='word_1_322' title='bbox 432 4164 537 4214; x_wconf 79' lang='lat' dir='ltr'><strong>‹letectts</strong></span> <span class='ocrx_word' id='word_1_323' title='bbox 553 4161 581 4243; x_wconf 82' lang='lat' dir='ltr'><strong>in</strong></span> <span class='ocrx_word' id='word_1_324' title='bbox 599 4176 633 4212; x_wconf 88' lang='lat' dir='ltr'><strong>ru.</strong></span> <span class='ocrx_word' id='word_1_325' title='bbox 650 4161 686 4211; x_wconf 89' lang='grc' dir='ltr'><strong>Μ.</strong></span> <span class='ocrx_word' id='word_1_326' title='bbox 708 4189 742 4242; x_wconf 34' lang='grc'><strong>.-</strong></span> <span class='ocrx_word' id='word_1_327' title='bbox 778 4160 807 4227; x_wconf 74' lang='lat'><strong>2)</strong></span> <span class='ocrx_word' id='word_1_328' title='bbox 825 4159 978 4243; x_wconf 76' lang='lat' dir='ltr'><strong>dtslrluqont</strong></span> <span class='ocrx_word' id='word_1_329' title='bbox 997 4161 1082 4242; x_wconf 63' lang='lat' dir='ltr'><strong>tiodd.</strong></span> <span class='ocrx_word' id='word_1_330' title='bbox 1100 4161 1176 4232; x_wconf 87' lang='lat' dir='ltr'><strong>Hisp.</strong></span> <span class='ocrx_word' id='word_1_331' title='bbox 1196 4159 1316 4231; x_wconf 81' lang='lat' dir='ltr'><strong>(praeter</strong></span> <span class='ocrx_word' id='word_1_332' title='bbox 1325 4161 1372 4227; x_wconf 81' lang='lat' dir='ltr'><strong>A.)</strong></span> 
     </span>
    </p>

    <p class='ocr_par' dir='ltr' id='par_1_8' title="bbox 261 4231 1374 4374">
     <span class='ocr_line' id='line_1_43' title="bbox 261 4231 1374 4374; baseline -0.003 -19"><span class='ocrx_word' id='word_1_333' title='bbox 261 4231 1374 4374; x_wconf 52' lang='lat' dir='ltr'><strong>ottbotll‘tttttotl‘tll&#39;ltt⁰&#39;‘.⁸.&#39;”&#39;&#39;ttltttlb{tumultuat</strong></span> 
     </span>
    </p>

    <p class='ocr_par' dir='ltr' id='par_1_9' title="bbox 295 4369 1373 4436">
     <span class='ocr_line' id='line_1_44' title="bbox 295 4369 1373 4436; baseline -0.002 -12"><span class='ocrx_word' id='word_1_334' title='bbox 295 4375 389 4426; x_wconf 70' lang='lat' dir='ltr'><strong>duratur</strong></span> <span class='ocrx_word' id='word_1_335' title='bbox 406 4373 461 4422; x_wconf 88' lang='lat' dir='ltr'><strong>BR.</strong></span> <span class='ocrx_word' id='word_1_336' title='bbox 479 4371 510 4422; x_wconf 78' lang='lat' dir='ltr'><strong>ll.</strong></span> <span class='ocrx_word' id='word_1_337' title='bbox 522 4369 547 4420; x_wconf 81' lang='lat'><strong>4.</strong></span> <span class='ocrx_word' id='word_1_338' title='bbox 566 4369 600 4420; x_wconf 85' lang='grc' dir='ltr'><strong>Τ.</strong></span> <span class='ocrx_word' id='word_1_339' title='bbox 617 4371 640 4420; x_wconf 92' lang='lat' dir='ltr'><strong>l.</strong></span> <span class='ocrx_word' id='word_1_340' title='bbox 656 4373 696 4435; x_wconf 84' lang='lat'><strong>2.,</strong></span> <span class='ocrx_word' id='word_1_341' title='bbox 714 4374 741 4421; x_wconf 89' lang='lat' dir='ltr'><strong>et</strong></span> <span class='ocrx_word' id='word_1_342' title='bbox 758 4369 794 4420; x_wconf 90' lang='grc' dir='ltr'><strong>Μ.</strong></span> <span class='ocrx_word' id='word_1_343' title='bbox 829 4400 864 4410; x_wconf 89' lang='grc'>-</span> <span class='ocrx_word' id='word_1_344' title='bbox 910 4369 939 4436; x_wconf 77' lang='lat'><strong>⁶)</strong></span> <span class='ocrx_word' id='word_1_345' title='bbox 958 4373 1086 4423; x_wconf 80' lang='lat' dir='ltr'><strong>consocios</strong></span> <span class='ocrx_word' id='word_1_346' title='bbox 1102 4371 1174 4435; x_wconf 72' lang='lat' dir='ltr'><strong>Bu,</strong></span> <span class='ocrx_word' id='word_1_347' title='bbox 1192 4377 1220 4424; x_wconf 87' lang='lat' dir='ltr'><strong>et</strong></span> <span class='ocrx_word' id='word_1_348' title='bbox 1235 4371 1264 4422; x_wconf 88' lang='lat' dir='ltr'><strong>in</strong></span> <span class='ocrx_word' id='word_1_349' title='bbox 1281 4388 1317 4422; x_wconf 84' lang='lat' dir='ltr'><strong>nr.</strong></span> <span class='ocrx_word' id='word_1_350' title='bbox 1334 4372 1373 4422; x_wconf 90' lang='lat' dir='ltr'><strong>M.</strong></span> 
     </span>
    </p>

    <p class='ocr_par' dir='ltr' id='par_1_10' title="bbox 262 4438 1374 4576">
     <span class='ocr_line' id='line_1_45' title="bbox 262 4438 1374 4576; baseline -0.001 -83"><span class='ocrx_word' id='word_1_351' title='bbox 262 4444 291 4512; x_wconf 68' lang='lat' dir='ltr'><strong>l)</strong></span> <span class='ocrx_word' id='word_1_352' title='bbox 309 4443 462 4524; x_wconf 41' lang='grc' dir='ltr'><strong>ηιυπιιῖςιὶεἰεΙ</strong></span> <span class='ocrx_word' id='word_1_353' title='bbox 474 4439 533 4490; x_wconf 92' lang='lat' dir='ltr'><strong>add.</strong></span> <span class='ocrx_word' id='word_1_354' title='bbox 550 4438 577 4491; x_wconf 83' lang='lat' dir='ltr'><strong>in</strong></span> <span class='ocrx_word' id='word_1_355' title='bbox 589 4455 630 4522; x_wconf 76' lang='lat'>.¹¹¹&#39;</span> <span class='ocrx_word' id='word_1_356' title='bbox 650 4439 687 4491; x_wconf 88' lang='lat' dir='ltr'><strong>M.</strong></span> <span class='ocrx_word' id='word_1_357' title='bbox 725 4469 795 4558; x_wconf 82' lang='grc' dir='ltr'><strong>-Μ</strong></span> <span class='ocrx_word' id='word_1_358' title='bbox 807 4439 837 4508; x_wconf 75' lang='lat'><strong>⁸)</strong></span> <span class='ocrx_word' id='word_1_359' title='bbox 848 4439 906 4548; x_wconf 52' lang='lat' dir='ltr'><strong>det.</strong></span> <span class='ocrx_word' id='word_1_360' title='bbox 924 4441 979 4576; x_wconf 46' lang='grc' dir='ltr'><strong>φή</strong></span> <span class='ocrx_word' id='word_1_361' title='bbox 994 4441 1061 4560; x_wconf 46' lang='grc' dir='ltr'><strong>Ιὴξὼο</strong></span> <span class='ocrx_word' id='word_1_362' title='bbox 1077 4470 1135 4562; x_wconf 41' lang='lat' dir='ltr'><strong>{hd</strong></span> <span class='ocrx_word' id='word_1_363' title='bbox 1157 4441 1374 4562; x_wconf 54' lang='lat' dir='ltr'><strong>2)1pr¹ericulorrtua</strong></span> 
     </span>
    </p>

    <p class='ocr_par' dir='ltr' id='par_1_11' title="bbox 242 4511 1375 4718">
     <span class='ocr_line' id='line_1_46' title="bbox 242 4511 1375 4718; baseline 0.001 -87"><span class='ocrx_word' id='word_1_364' title='bbox 242 4511 636 4718; x_wconf 46' lang='grc' dir='ltr'><strong>11)αῗεεὶιι1πέσέιζῗὲ1ἶΪἿΗ-εθ</strong></span> <span class='ocrx_word' id='word_1_365' title='bbox 659 4527 690 4622; x_wconf 53' lang='lat' dir='ltr'><strong>H:</strong></span> <span class='ocrx_word' id='word_1_366' title='bbox 699 4525 839 4702; x_wconf 47' lang='lat' dir='ltr'><strong>§divion</strong></span> <span class='ocrx_word' id='word_1_367' title='bbox 856 4578 998 4630; x_wconf 80' lang='lat' dir='ltr'><strong>urtctorr&#39;tua</strong></span> <span class='ocrx_word' id='word_1_368' title='bbox 1021 4579 1098 4646; x_wconf 88' lang='lat' dir='ltr'><strong>(loco</strong></span> <span class='ocrx_word' id='word_1_369' title='bbox 1116 4549 1186 4634; x_wconf 78' lang='lat' dir='ltr'><strong>rdcis</strong></span> <span class='ocrx_word' id='word_1_370' title='bbox 1203 4546 1319 4647; x_wconf 70' lang='lat' dir='ltr'><strong>autumo)</strong></span> <span class='ocrx_word' id='word_1_371' title='bbox 1345 4579 1375 4632; x_wconf 90' lang='lat' dir='ltr'><strong>in</strong></span> 
     </span>
     <span class='ocr_line' id='line_1_47' title="bbox 294 4664 808 4704; baseline -0.004 -3"><span class='ocrx_word' id='word_1_372' title='bbox 294 4666 328 4702; x_wconf 81' lang='lat' dir='ltr'><strong>ru.</strong></span> <span class='ocrx_word' id='word_1_373' title='bbox 377 4677 454 4702; x_wconf 80' lang='lat'><strong>.·-</strong></span> <span class='ocrx_word' id='word_1_374' title='bbox 561 4664 683 4704; x_wconf 79' lang='lat' dir='ltr'><strong>crrnnuc</strong></span> <span class='ocrx_word' id='word_1_375' title='bbox 731 4675 808 4700; x_wconf 70' lang='lat'><strong>.-</strong></span> 
     </span>
    </p>
   </div>
   <div class='ocr_carea' id='block_1_8' title="bbox 0 0 1485 5060">
    <p class='ocr_par' dir='ltr' id='par_1_12' title="bbox 0 0 1485 5060">
     <span class='ocr_line' id='line_1_48' title="bbox 0 0 1485 5060; baseline 0 0"><span class='ocrx_word' id='word_1_376' title='bbox 0 0 1485 5060; x_wconf 95' lang='lat' dir='ltr'><strong> </strong></span> 
     </span>
    </p>
   </div>
  </div>
 </body>
</html>
