2880 5050
368 233 609 320 CONssllalhllll
623 233 899 300 accusantum
919 235 975 298 Xl.
1177 226 1241 292 311

84 407 466 488 manichaeismum
493 408 546 470 vel
574 405 835 488 praesmnptionis
864 423 922 466 seu
948 399 1056 466 caedis
1082 397 1239 482 quidpiam

86 505 215 580 agunt,
243 503 306 558 tam
329 495 360 554 in
380 495 473 556 rebus
492 491 652 556 fiscalibus
673 511 766 573 quam
787 492 881 552 etiam
902 491 933 550 in
955 485 1158 571 quorumlibet
1179 483 1239 546 do-

85 585 184 647 minio
210 579 403 659 constitutis,
425 577 680 657 et-praevasa1)
697 578 750 637 vel
770 582 971 656 praesumpta
991 573 1031 636 de
1051 573 1144 634 rebus
1164 589 1239 652 pro-

86 669 170 750 priis
188 665 279 746 iuxta
304 666 399 746 loges
420 664 674 740 excellentissimi
694 663 841 742 principis
861 661 1015 738 sarciant,
1047 665 1080 720 ct
1100 675 1154 736 pro
1177 674 1237 718 ex-

89 772 191 821 cessu
209 751 372 833 -religionis
400 751 571 831 contrario,
598 769 659 834 quo
685 748 840 810 inhonesti
860 755 934 808 autc
951 743 1102 826 judicium
1123 759 1238 821 parue-

85 835 213 917 runt²)„
224 836 351 912 duarum
366 834 627 905 hebdomadarum
643 833 962 910 excommunicatione
980 827 1137 910 plectendi
1156 833 1239 888 suut.

85 925 140 991 llli
165 930 293 1002 autem,
315 922 368 1002 qui
395 929 429 988 et
450 919 625 1000 hujusmodi
646 919 832 988 excessibus
852 917 993 980 serviunt
1015 923 1047 976 et
1067 913 1141 976 nihil
1161 931 1240 992 pros

84 1009 232 1091 prietatis
244 1005 360 1074 nabere
375 1005 536 1088 uidentur,
549 1025 664 1088 inagna
685 1004 882 1068 discretionis
903 1011 970 1080 arte
991 998 1135 1062 medendi
1153 1005 1237 1080 suut,

88 1091 158 1176 quo
177 1111 375 1176 nemausus.
394 1091 743 1175 illicitas-,eoclcslbffllli
764 1090 963 1170 facultatibus
984 1086 1150 1164 redimant,
1176 1101 1237 1146 nec

90 1181 156 1261 ipsi
175 1180 298 1259 penitus
319 1186 459 1238 extorres
481 1198 501 1240 a
520 1197 623 1258 poena
641 1177 828 1258 persistant3
855 1194 915 1240 nec
934 1175 1017 1253 apim
1033 1171 1153 1256 justum
1175 1176 1237 1250 est,

90 1276 128 1328 ut
155 1285 210 1345 pro
236 1265 341 1344 pravis
367 1264 491 1325 actibus
517 1262 715 1327 sacerdotum
741 1257 916 1338 ecclesiae,
944 1261 1055 1340 quibus
1080 1255 1237 1338 praeemi-

89 1359 185 1438 nent,
212 1351 388 1430 sustineant
410 1347 571 1432 damnum,
599 1357 634 1410 ut
649 1367 708 1428 pro
730 1349 916 1414 excessibus
935 1347 1042 1406 talium
1063 1341 1236 1404 satisfactio

90 1437 132 1497 ab
161 1433 306 1496 eeclesiis
336 1434 498 1514 exigatur,
526 1425 610 1496 cum'
628 1433 766 1495 ecclesia
792 1430 972 1509 cultoresi)
1000 1448 1075 1500 suos
1104 1446 1165 1488 non
1195 1425 1237 1487 ad

86 1516 191 1581 litem·
207 1520 265 1580 sed
292 1518 332 1580 ad
357 1519 555 1581 honestatem
583 1519 733 1580 informet.
792 1517 841 1580 De
875 1517 989 1578 talibus
1015 1533 1090 1598 ergo
1116 1511 1236 1594 placuit

90 1597 243 1686 definire,
277 1603 343 1685 qui,
359 1599 451 1684 nullis
479 1605 593 1666 habitis
622 1605 723 1670 rebus,
740 1603 871 1684 propriis
898 1611 953 1664 aut
981 1602 1012 1662 in
1039 1615 1235 1682 quocumque

90 1701 280 1772 pervasores
302 1689 462 1751 extiterint
483 1699 537 1751 aut
554 1690 742 1772 quibuslibet
761 1689 903 1770 personis
923 1686 1040 1750 caedes
1060 1685 1113 1746 vel
1134 1681 1236 1766 quod-

90 1793 226 1856 cumque
246 1777 507 1861 praesumptionis
527 1777 695 1856 intulerint,
717 1776 801 1837 nulla
821 1793 878 1836 eos
899 1771 1111 1836 incurvatione
1132 1777 1236 1832 status

89 1862 142 1923 sui
172 1861 314 1922 servituti
343 1859 498 1924 hominum
527 1861 641 1924 debere
670 1861 789 1942 addici,
824 1861 881 1923 sed
906 1857 1000 1938 'juxta
1028 1857 1110 1938 quod
1139 1873 1235 1936 prae-

90 1943 332 2030 sumptiosusi)
356 1945 497 2033 quisquis
515 1937 570 2011 ille'
587 1947 742 2027 extiterit,
762 1947 808 2008 ita
829 1955 862 2008 et
882 1945 1090 2031 poenitentiae
1110 1941 1236 2024 legibus

89 2029 283 2114 subjacebit3
310 2029 343 2092 id
371 2039 440 2114 est,
468 2033 497 2102 si
513 2029 546 2113 ⁵)
575 2033 606 2096 in
633 2033 743 2094 decem
770 2031 936 2093 solidorum
964 2049 1113 2095 summam
1141 2025 1236 2108 prae-

89 2127 229 2200 sumptor
260 2135 334 2178 esse
366 2119 581 2196 convincitur,
612 2119 726 2202 viginti
755 2115 870 2178 dierum
898 2117 1109 2198 poenitentiae
1137 2114 1236 2174 satis-

88 2205 227 2266 factione
256 2211 426 2286 purgetur,
461 2205 505 2265 ita
531 2212 568 2264 ut
597 2205 666 2266 sive
692 2203 818 2264 minoris
844 2204 915 2265 sive
942 2197 1067 2282 majoris
1094 2217 1234 2262 summae

91 2306 261 2370 excessum
282 2286 603 2370 peregerit-similitor
616 2289 775 2374 genrinata
796 2289 856 2352 hoc
877 2307 1000 2367 semper
1021 2285 1236 2348 satisfactione

90 2374 301 2458 poeniteutiae
322 2373 555 2454 recompenset.¹
590 2375 709 2436 Servos
731 2383 835 2434 tamen
856 2373 1074 2452 ecclesiarum,
1102 2371 1154 2452 qui
1174 2371 1237 2431 hu-

87 2457 225 2542 jusmodi
252 2477 408 2521 excessus
436 2457 632 2540 operassei)
660 2468 843 2539 noscuntur,
871 2459 911 2521 ad
937 2459 1028 2540 leges
1057 2457 1236 2518 saeculares

92 2543 264 2608 audiendos
292 2545 484 2608 remittimus.
536 2547 578 2607 Et
605 2545 686 2607 haec
714 2545 838 2625 quidem
866 2543 906 2606 de
932 2543 1071 2628 generali
1099 2559 1237 2603 excessu

19 2676 22 2680 -
91 2629 177 2701 dieta
199 2627 364 2692 sufficiant.
396 2631 545 2694 Ceterum
566 2631 772 2712 specialitatis
794 2629 931 2692 ordinem
951 2636 1181 2710 persequentes
1192 2625 1236 2708 l),

93 2717 223 2798 siquis
253 2715 471 2796 episcoporum
501 2715 660 2800 magnatis
690 2715 873 2798 cujusquam
889 2715 922 2795 8)
954 2732 1102 2794 uxorem,
1131 2711 1235 2796 filiam,

86 2811 217 2884 ¹neptem
247 2817 305 2862 seu
334 2803 471 2882 quolibet
499 2803 541 2863 illi
568 2801 668 2886 gradu
696 2803 792 2863 altero
817 2803 1022 2882 pertinentem
1042 2817 1237 2882 quacumque

87 2883 198 2968 fraude
218 2887 271 2946 vel
292 2887 464 2964 subtilitate
487 2887 658 2950 adulterina
677 2888 846 2970 pollutione
867 2885 1055 2968 foedaverit,
1083 2894 1116 2946 et
1136 2885 1239 2946 hono·

92 2975 134 3035 ris
160 2973 273 3051 proprii
299 2971 429 3054 gradum
456 2975 576 3036 amittat
604 2982 637 3034 et
656 2974 714 3034 sub
738 2974 822 3034 exilii
842 2974 1034 3056 relegatione
1054 2979 1238 3052 perpetuam

93 3057 419 3120 excommunicationis
439 3061 627 3121 sententiam
647 3059 797 3140 perferat,
826 3059 878 3140 qui
904 3069 1007 3123 tamen
1035 3059 1119 3120 circa
1144 3049 1238 3118 finem

92 3144 179 3204 vitae
199 3144 422 3206 communionis
442 3145 578 3206 remedio
599 3143 793 3224 adjuvandus
815 3153 873 3206 est.
922 3146 1015 3207 Hanc
1043 3162 1121 3206 sane
1143 3151 1176 3203 et
1195 3142 1239 3204 illi

93 3229 279 3291 senteutiam
304 3229 518 3311 merebuntur,
550 3231 603 3310 qui
630 3238 691 3310 aut
713 3231 858 3292 volentes
883 3229 1080 3292 homicidium
1109 3227 1240 3290 fecerint

94 3322 148 3376 aut
177 3315 357 3394 primatibus
388 3316 497 3396 palatii
529 3315 755 3398 generosisque
787 3317 929 3394 personis
957 3335 1015 3378 seu
1042 3311 1240 3376 nobilioribus

82 3401 266 3482 ¹quibrmipue
284 3402 479 3478 ‘imadienbus
500 3402 559 3482 vel
580 3402 692 3482 puellis
713 3399 837 3479 illnd⁹)
865 3410 919 3462 ant
943 3421 999 3482 per
1026 3398 1156 3464 caedem
1185 3406 1241 3460 aut

93 3503 149 3564 per
171 3487 425 3565 'nummumque
447 3488 616 3570 irrogatam
652 3484 792 3565 iujuriam
824 3486 885 3548 visi
925 3487 1039 3550 fuerint
1076 3484 1240 3568 intulisse,

93 3566 177 3628 unde
217 3586 275 3628 eos
306 3568 398 3647 juxta
433 3571 551 3654 legum?
576 3573 783 3643 saecularium
819 3571 963 3637 instituta
1002 3581 1058 3636 aut
1092 3571 1240 3635 talionem

95 3653 235 3731 recipere
264 3661 320 3730 out
349 3653 543 3720 traditionem
575 3657 617 3720 de
648 3658 696 3720 eis
714 3657 769 3736 ¹⁰)
798 3657 866 3720 lieri
896 3660 948 3721 vel
985 3655 1242 3740 proscriptionem

85 3744 245 3818 operteat.

82 3845 104 3868 ·’
175 3859 178 3868 ·
487 3862 490 3866 -
519 3877 521 3882 .
559 3873 562 3884 ,
602 3873 606 3884 .
639 3825 694 3887 Vl.

119 3954 159 4004 .‘'
176 3905 255 3987 His,
278 3909 429 4006 aquibus
451 3911 564 3974 domini
584 3920 784 3974 sacramenta
801 3911 967 3996 tractanda
986 3919 1058 3974 suut
1072 3909 1136 3992 ¹³),
1154 3911 1243 3993 judi-

82 4009 186 4054 cium
197 3997 368 4075 saugumis
382 3997 505 4079 agitare
523 4005 587 4060 non
605 3998 690 4059 licet
719 3997 822 4060 .,ldeo
840 4017 1032 4080 magnopere
1053 3997 1160 4064 tellum
1182 4019 1243 4064 ex-

99 4077 247 4140 cessibus
266 4080 491 4158 prohibendum
509 4081 563 4162 ¹²)
595 4091 661 4164 est,
696 4101 737 4144 ue
765 4083 954 4147 indiscretae
983 4085 1243 4168 praesumptionis

124 4304 285 4438 pppempsa
300 4319 335 4384 'in
350 4349 386 4394 pn.
405 4335 443 4386 Μ,
474 4361 525 4392 ¹--
574 4331 606 4404 ⁸2)
626 4334 691 4398 quod
711 4331 839 4398 inlrpoeste
856 4372 882 4386 ..
899 4342 1080 4421 perpetrarem
1105 4337 1168 4391 ibid.
1209 4367 1243 4382 -

110 4507 122 4520 ‚⁴
132 4400 161 4536 ⁶3
178 4403 351 4542 dpcdrldllselldc
374 4402 513 4526 ism-llll).
528 4405 851 4538 hlffsunippummgrpllllpms
861 4435 933 4527 add.
949 4405 979 4528 ld
995 4407 1193 4528 mli:

118 4537 295 4616 flammaue
312 4542 349 4610 Μ.
385 4574 420 4584 -
465 4541 494 4612 ⁹)
513 4539 610 4606 oliptrid
627 4541 663 4592 Μ.
697 4571 733 4583 -
773 4543 821 4610 ¹⁰)
839 4543 878 4596 liis
894 4545 931 4598 M.
966 4574 1001 4586 ·—
1035 4547 1084 4618 ¹¹)
1102 4555 1247 4602 tractantur

167 4623 195 4659 rn
213 4625 247 4662 m.
267 4609 304 4663 Μ.
346 4641 380 4652 -
423 4611 873 4680 1²)cmcrsrrraprobibroduaibid.
909 4647 942 4659 —
1015 4628 1016 4631 ’
