2880 5050
327 256 570 341 concutere
589 269 858 341 rounrnuunr
879 277 966 340 xvr.
1154 257 1220 342 ara

45 441 184 509 multos
200 446 324 528 quoque
340 445 393 526 qui
410 446 562 510 confracti
579 440 653 511 sunt
669 444 783 510 liberos
800 439 973 509 secundum
989 439 1171 526 prophetam
1184 445 1217 526 ι)

50 551 161 592 omne
191 550 269 593 onus
299 530 570 611 disrumpendum
590 528 795 614 ingenuitatis
816 537 902 593 statu
926 531 1092 610 reformat,
1121 539 1216 612 atque

48 617 92 678 in
132 615 268 678 diversis
300 625 432 700 sanctae
466 618 553 679 vitae
587 615 700 680 studiis
729 633 804 678 sese
832 615 1008 678 exercendo
1035 617 1216 698 praepollet.

51 699 224 778 Quocirca
252 693 396 782 quoniam
424 720 479 782 pro
501 709 550 764 tot
570 704 734 782 tantisque
750 697 920 768 benefieiis
933 717 1015 780 quae
1036 701 1215 764 multimoda

48 785 234 848 devotione
245 786 291 864 7)
307 787 466 848 ecclesiae
494 787 545 850 dei
574 787 627 851 vel
656 785 763 868 gentis
789 803 867 846 suae
896 785 1020 864 populis
1047 803 1214 866 prorogare

48 871 190 949 studet,
220 870 294 952 quid
324 869 408 932 aliud
436 871 478 930 illi
506 871 693 932 unanimitas
722 877 829 931 nostra
849 867 1005 950 condigne
1025 871 1215 948 respondeat

42 954 204 1016 invenire
232 975 299 1015 non
321 957 502 1037 praevalet,
528 955 560 1018 id
588 955 716 1018 salutari
740 951 953 1034 providentia,
982 971 1063 1034 quae
1090 971 1214 1035 semper

48 1049 114 1102 est
130 1035 257 1120 utilis,'
250 1059 341 1102 nmmo
363 1059 487 1120 semper
509 1049 560 1101 est
581 1043 656 1101 utile
678 1039 761 1136 quqd
775 1057 885 1100 veram
906 1040 1043 1117 pertinet
1063 1039 1104 1099 ad
1125 1042 1214 1101 salu-

49 1134 146 1206 tem,
174 1123 315 1186 decernit
341 1134 436 1206 atque
465 1125 615 1206 instituit,
645 1133 681 1185 ut
708 1122 779 1203 ejus
805 1121 893 1203 filiis,
924 1131 959 1184 ut
988 1125 1212 1207 praemisimus,

46 1207 190 1271 fortiat
177 1211 315 1278 tuitionis
337 1210 377 1272 ad
398 1212 532 1272 futurum
552 1171 737 1272 adririnicula
755 1208 1002 1291 promulgemus,
1019 1218 1212 1270 contestan-

49 1303 113 1358 tes
141 1305 200 1374 per
226 1313 339 1355 nomen
367 1295 441 1357 illud
468 1295 519 1354 cui
548 1303 664 1356 cuneta
693 1294 845 1355 coelestia
873 1299 907 1352 et
927 1295 1086 1354 terrestria
1107 1311 1212 1378 genu-

47 1379 213 1458 flectunt,
240 1397 349 1440 omnes
369 1387 570 1460 praesentes
577 1388 611 1440 et
631 1381 782 1440 absentes
803 1396 861 1438 seu
881 1378 975 1440 etiam
997 1379 1107 1439 suturis
1127 1388 1211 1441 tem-

47 1458 187 1544 poribus
203 1424 437 1544 subsequentes
457 1463 642 1526 sacerdotes
656 1465 709 1525 vel
728 1464 884 1542 principes
904 1470 963 1524 seu
984 1479 1034 1542 qu
1021 1463 1210 1544 justumque

47 1551 186 1610 honoris
214 1558 268 1610 aut
295 1548 409 1610 ordinis
435 1549 594 1630 homines,
624 1557 660 1610 ut
687 1549 790 1609 nullus
818 1546 858 1608 ad
879 1547 1012 1610 futurum
1032 1551 1210 1627 posteritati

56 1633 135 1713 ejus
157 1641 253 1712 atque
271 1633 323 1694 iris
345 1635 397 1714 qui
417 1635 535 1715 gloriae
558 1651 637 1695 suae
656 1632 728 1695 filiis
744 1633 798 1694 'vel
814 1631 935 1694 filiabus
952 1631 1111 1712 conjuncti
1132 1651 1207 1696 esse

52 1725 233 1780 noscuntur
260 1737 318 1778 seu
348 1719 400 1798 qui
425 1719 527 1781 adhuc
541 1718 575 1796 ³)
604 1716 759 1797 conjuncti
778 1737 839 1778 non
860 1717 1013 1780 suntsed
1034 1719 1113 1780 sorte
1133 1727 1207 1780 sunt

51 1801 286 1884 conjungendi,
315 1803 449 1882 injustas
469 1802 613 1865 laedendi
632 1804 817 1865 occasiones
839 1801 999 1884 exquirat3
1024 1805 1126 1865 nullus
1148 1823 1206 1866 oo-

52 1887 144 1951 culte
165 1889 218 1948 vel
237 1887 361 1967 publice
381 1908 437 1968 per
457 1907 537 1969 quae
559 1886 740 1950 abdicentur
761 1896 869 1948 contra
890 1905 947 1949 eos
974 1889 1109 1950 malitiae
1127 1897 1205 1951 vota

51 1971 231 2053 extendat,
268 1991 331 2033 ιιοιι
367 1993 425 2034 eos
463 1972 568 2055 gladio
602 1974 655 2034 vel
688 1973 825 2053 qualibet
857 1973 1033 2069 perniciosa
1068 1974 1142 2036 iaet
1120 1982 1205 2036 tione

50 2059 232 2138 interimatJ
257 2059 359 2118 nullus
380 2060 586 2120 eonsilium⁷
564 2059 616 2118 vel
637 2074 735 2139 opus,
756 2057 868 2138 quibus
888 2053 1004 2136 injuste
1022 2057 1206 2136 dejiciantur

49 2145 109 2205 vel
130 2103 285 2204 nuderitur
304 2144 407 2222 rebuS,
427 2144 595 2224 exhibeat3
616 2145 717 2204 nullus
737 2143 787 2204 his
800 2139 923 2221 injuste
939 2144 1110 2204 violentum
1130 2152 1205 2204 ton-

52 2247 150 2290 surae
170 2228 365 2308 signaculum
386 2229 554 2309 imprimatJ
574 2189 676 2290 riullus
696 2232 820 2288 vestem
837 2235 946 2289 eontra
965 2227 1102 2292 ordinem
1122 2227 1204 2289 lilia·

55 2315 119 2375 bus
151 2309 218 2372 suis
247 2319 341 2390 atque
366 2315 451 2373 nuris
478 2321 598 2374 mutare
626 2322 828 2392 praesumat3
862 2313 965 2374 nullus
979 2311 1088 2376 etiam
1116 2323 1206 2376 extra

17 2469 24 2480 η,
55 2393 217 2459 evidentis
237 2396 348 2474 culpae
369 2395 516 2459 indicium
538 2405 592 2459 aut
579 2397 715 2459 texiliis
728 2395 763 2475 4)
791 2415 848 2458 eos
869 2395 1056 2479 relegandos
1076 2397 1205 2460 inducat
1250 2415 1253 2420 ·

57 2491 115 2544 aut
142 2499 246 2542 eorum
268 2482 446 2560 corporibus
467 2484 669 2562 quarumlibet
689 2479 917 2544 truncationum
937 2483 989 2542 vel
1010 2482 1203 2564 flagellorum

53 2566 168 2650 inierat
189 2561 413 2628 detrimentum.
452 2565 596 2662 lienique
613 2567 693 2629 iicet
713 2567 803 2662 hacc,
824 2585 906 2647 quae
926 2569 1099 2648 praemissa
1119 2565 1202 2647 sunt,

54 2645 246 2733 aequissime
266 2649 402 2749 digesta·
412 2651 559 2733 existant,
577 2659 685 2714 tamen
702 2651 774 2734 quia
796 2651 935 2732 ejusdem
956 2649 1100 2750 gloriosi
1104 2613 1203 2714 nostri

56 2735 172 2800 domini
197 2744 317 2797 tantum
344 2737 459 2798 emicat
486 2737 614 2799 deuotio
634 2746 800 2834 prompta,
827 2745 862 2797 ut
889 2755 929 2798 ea
955 2737 1024 2817 ipsa
1037 2745 1203 2818 nequeant

58 2825 89 2885 ei
105 2822 149 2886 ad
170 2823 429 2901 complementum
449 2821 554 2884 vicem
576 2821 748 2904 patientiae
766 2823 799 2900 5)
829 2820 959 2884 reddere
980 2822 1132 2884 debitam.
1161 2825 1201 2884 ob

54 2909 117 2970 hoc
142 2905 378 2968 universitatem
407 2916 544 2969 nostram
572 2907 710 2988 adjicere
739 2907 954 2970 saluberrime
965 2906 1130 2988 convenit,
1166 2917 1217 2970 ιιι·
1311 2911 1323 2924 ’

56 3001 122 3054 tam
141 3011 197 3072 per
218 3009 326 3052 omnes
348 2987 494 3054 civitates
514 2994 567 3053 vel
587 2993 697 3072 loca,
689 2993 846 3074 inquibus
868 2992 964 3054 sedes
984 2991 1201 3090 episcoporum

56 3096 131 3140 esse
152 3085 322 3138 noscuntur
344 3075 384 3138 ad
404 3079 492 3158 regni
512 3076 581 3158 ejus
603 3079 657 3140 dit
636 3088 751 3140 tionem
771 3079 974 3161 pertinentes,
991 3083 1084 3180 quam
1105 3077 1199 3139 etiam

55 3183 112 3244 per
131 3161 308 3223 eorumdem
329 3161 545 3241 episcoporum
566 3163 748 3245 dioeceses,
769 3171 903 3242 excepto
925 3165 1082 3261 passionis
1098 3161 1200 3222 domi-

57 3251 146 3310 nicae
165 3246 232 3326 dre,
255 3246 376 3346 quando
398 3246 506 3309 altaria
528 3247 686 3312 denudata
707 3250 892 3342 persistunt,
920 3259 989 3308 uec
1003 3249 1146 3342 cuiquam
1167 3247 1199 3306 in

57 3330 144 3410 eoJ
174 3329 234 3393 die
251 3333 415 3392 missarum
441 3333 517 3394 licet
546 3335 697 3395 solemnia
723 3329 871 3395 celebrari
892 3327 946 3412 ⁷),
978 3329 1100 3392 eunctis
1110 3319 1198 3391 aliis

57 3417 179 3516 diebus,
206 3417 319 3496 quibus
338 3416 422 3478 idem
442 3416 585 3478 dominus
605 3427 711 3480 noster
732 3419 763 3478 in
784 3417 845 3477 hae
864 3414 932 3475 vita
953 3425 1116 3494 superstes
1137 3433 1198 3474 ex-

60 3500 176 3580 titerit,
199 3520 265 3580 pro·
283 3519 322 3560 eo
349 3503 403 3562 vel
429 3521 485 3583 pro
515 3503 639 3564 cunctis
665 3502 734 3582 ejus
762 3501 849 3562 liliis
852 3499 905 3571 vel
925 3498 1049 3561 iillabrs
1067 3507 1122 3561 aut
1142 3519 1197 3578 pro

58 3587 107 3647 his
128 3587 179 3665 qui
195 3585 261 3664 jam
283 3587 497 3648 matrimoniali
517 3597 591 3649 sunt
609 3585 679 3666 jure
701 3585 868 3665 conjuncti,
889 3583 991 3645 adhue
1007 3585 1059 3664 qui
1072 3583 1105 3662 8)
1126 3592 1199 3646 sunt

56 3669 266 3752 conjungendi
292 3689 350 3732 seu
376 3691 432 3752 pro
459 3681 556 3752 nepot
543 3673 626 3734 tibus
647 3673 700 3732 vel
728 3673 795 3732 suis
816 3669 957 3731 erunibus
977 3667 1199 3730 sacrificiorum

61 3755 191 3817 domino
207 3755 351 3817 libamina
378 3756 592 3837 dedicemur,-
604 3757 675 3836 piae
703 3757 850 3816 orationis
869 3759 946 3812 vota
972 3753 1134 3814 solvantur
1160 3769 1200 3813 ao

60 3859 126 3902 cum
152 3841 319 3942 gratiarum
349 3842 473 3904 actione
500 3859 634 3921 superno
663 3841 777 3901 numini
804 3836 1073 3916 commendentur,
1110 3836 1198 3898 desi-

58 3925 139 3988 deria
153 3923 223 4003 ⁹'J
214 3945 247 3996 ιιι
266 3926 314 3986 eis
334 3925 416 3986 bona
437 3927 574 4007 quotidie
595 3926 798 4004 multiplicent
798 3943 850 4004 ur,
881 3918 1112 3984 adversantium
1139 3941 1199 3982 eo-

58 4027 121 4072 rum
140 4010 299 4071 conamina
319 4013 436 4072 virtute
457 4031 535 4073 suae
556 4009 706 4072 dexterae
729 4009 977 4090 confringantur,
1005 4007 1199 4089 indulgentia

59 4103 92 4156 et
110 4088 208 4175 gratia
228 4095 276 4156 eis
297 4113 317 4156 a
337 4115 397 4158 sua
408 4095 619 4158 mrsencordra
636 4095 860 4176 conferatur,e
842 4091 934 4170 et¹⁰J
948 4110 1026 4154 suae
1039 4094 1198 4173 potentiae

59 4179 232 4270 defensione
251 4181 388 4263 protecti
408 4182 540 4264 antiqui
537 4180 648 4244 hostis
670 4178 814 4264 decipula
835 4179 991 4258 evadant,
1014 4186 1046 4239 et
1067 4179 1198 4245 caritate

59 4333 248 4354 m-

93 4413 192 4482 1Jies
211 4415 262 4479 58,
287 4418 314 4472 6.
366 4449 401 4460 -
463 4415 616 4491 ²Jdeqotio
640 4417 677 4468 Μ.
726 4445 761 4456 -
819 4416 848 4485 ³)
870 4415 976 4468 verna:
1005 4414 1130 4482 conpuncti
1147 4429 1203 4464 aare

123 4491 256 4536 noscantur
281 4500 326 4538 seo
348 4491 391 4556 qui
414 4488 494 4539 odilae
517 4478 612 4538 desunt
635 4501 677 4553 ap.
701 4487 737 4538 Μ.
784 4515 819 4525 -
871 4485 902 4552 4)
916 4499 960 4536 ea
984 4485 1039 4534 illie
1061 4484 1097 4534 M.
1132 4510 1167 4520 -—

93 4550 119 4620 ὅ)
135 4555 163 4604 In
182 4555 241 4605 eoll.
259 4555 335 4626 Hisp
329 4575 474 4626 semper:
497 4553 649 4624 parientiae
691 4584 726 4594 —
770 4554 809 4636 7)
821 4555 907 4606 eodem
927 4553 966 4604 M.
1005 4582 1054 4605 -.
1090 4551 1118 4619 ι)
1135 4553 1203 4602 0210.
1286 4550 1288 4554 '

123 4621 194 4676 itm
207 4624 299 4676 M··-
310 4577 352 4696 Ρ7)
370 4627 496 4696 οιιιιιοᾳιιι
513 4627 603 4680 Μ.-
628 4625 658 4693 7)
675 4626 735 4692 qoiu
752 4623 776 4675 ai
794 4623 920 4678 desideria
938 4623 1027 4675 M.—
1050 4623 1100 4692 1⁰J
1118 4627 1146 4674 ιιι
1164 4621 1202 4677 Μ
