2880 5050
110 385 479 535 ¹curticlorum
506 447 907 529 rotmannum
932 447 1223 530 nselmum

507 551 838 649 rsnrrum)
900 609 904 620 .

87 692 216 758 ANNO
243 691 384 758 ltanu
411 691 809 756 uxcuthurvmssmss
835 687 1003 754 ERVIGII
1030 687 1246 756 PRINCIPIS

418 775 596 858 QUAR'ro
626 777 717 842 ERA
743 775 920 842 DCCXIII.

85 999 255 1104 Illibatae
284 1041 427 1104 caritatis
454 1041 606 1107 instinctu
627 1040 757 1104 alternis
776 1038 933 1102 visionmu
953 1038 1113 1114 obtutibus
1133 1032 1246 1100 redditi

89 1145 131 1200 et
150 1128 295 1200 inunum
313 1145 441 1199 coetum
459 1139 580 1202 fautore
593 1136 627 1214 ²)
647 1136 707 1200 deo
725 1136 842 1216 pariter
861 1138 1041 1219 aggregati,
1058 1138 1090 1198 in
1107 1136 1247 1198 ecclesia

88 1222 243 1286 videlicet
269 1231 448 1284 sanctorum
476 1223 687 1304 apostolorum
718 1222 807 1284 Petri
836 1229 869 1282 et
897 1222 1009 1303 Pauli,
1044 1241 1127 1284 anno
1155 1220 1247 1303 regni

88 1315 203 1389 quarto
232 1309 425 1370 serenissimi
452 1309 575 1391 ErvIgii
600 1309 750 1388 principis
770 1307 829 1370 sub
851 1305 903 1368 die
922 1307 1020 1387 pridie
1040 1310 1152 1370 Nonas
1173 1309 1247 1370 No-

87 1395 238 1455 vembres
266 1413 321 1455 era
340 1393 532 1476 DCCXIII,
564 1411 636 1456 cum
662 1394 878 1474 unusquisque
898 1401 1039 1456 nostrum
1059 1394 1174 1456 debitis
1194 1394 1249 1474 lo-¹

88 1487 218 1544 caretur
245 1479 276 1540 in
305 1479 436 1542 sedibus
448 1523 458 1560 ,
493 1479 594 1542 adfuit
623 1478 706 1540 idem
734 1479 881 1559 princeps
910 1478 1003 1558 pleno
1031 1478 1106 1542 fidei
1134 1478 1245 1542 ardore

87 1565 245 1628 subnixus
271 1572 305 1625 et
331 1565 516 1628 humilitatis
540 1565 644 1648 gratia
670 1565 841 1627 decoratus
853 1609 863 1646 ,
889 1565 943 1644 qui
963 1565 1115 1647 synodico
1137 1565 1246 1628 coetui

89 1649 324 1712 deliberationis
352 1669 430 1712 suae
458 1660 536 1713 vota
565 1650 788 1714 commendans
816 1658 851 1712 et
875 1658 912 1712 ut
937 1669 992 1730 pro
1014 1669 1051 1712 se
1073 1651 1196 1712 domino
1209 1648 1245 1727 ³)

90 1734 320 1798 instantissime
353 1735 596 1816 deprecarentur
628 1736 857 1816 expostulans,
889 1734 953 1799 hoc
980 1737 1163 1817 praesertim
1192 1743 1245 1800 est

90 1821 250 1884 allocutus
277 1819 446 1882 sufficienti
473 1821 693 1886 exhortatione
720 1821 907 1901 concilium,
936 1829 973 1884 ut
1003 1821 1246 1886 ecclesiasticae

89 1906 276 1986 disciplinae
303 1925 385 1986 quae
414 1917 590 1989 congruunt
618 1916 653 1969 et
678 1905 871 1988 corrigendis
897 1907 1035 1970 moribus
1061 1927 1143 1988 quae
1164 1927 1245 1970 con-

88 1992 224 2056 veniunt
244 1999 399 2054 tractatus
420 1994 520 2055 nostri
541 1992 702 2055 evidentia
722 1992 927 2054 sancirentur.
953 1991 1074 2056 Deinde
1095 1993 1246 2076 religiosa

89 2086 170 2140 vota
197 2095 275 2140 suae
302 2078 507 2161 clementiae,
530 2080 643 2161 quibus
670 2077 918 2141 subveniendum
943 2079 1067 2142 miseris
1092 2079 1245 2158 delinivit,

91 2161 237 2246 synodali
267 2165 437 2226 conventui
469 2164 680 2228 confirmanda
715 2164 889 2246 commIsit,
925 2163 1061 2226 offerens
1095 2165 1246 2228 videlicet

92 2249 194 2312 sacris
221 2249 420 2328 pontificibus
446 2257 582 2333 tomum,
611 2252 783 2313 obsecrans
810 2251 927 2331 pariter
954 2261 988 2312 et
1016 2251 1181 2313 obtestans
1208 2258 1246 2314 ut

94 2332 245 2415 quidquid
265 2334 328 2395 illic
341 2333 533 2398 venustioris
554 2335 682 2415 essem)
699 2335 810 2398 calami
830 2336 1027 2415 respersione
1045 2345 1245 2420 congestum,

94 2418 257 2500 synodalis
277 2420 437 2499 potentiae
458 2421 647 2484 conderetur
667 2422 774 2484 ordine
794 2421 961 2482 titulorum.
998 2422 1088 2482 'Iunc
1108 2441 1167 2484 nos
1187 2441 1244 2502 pro

96 2511 248 2584 suscepto
269 2523 289 2564 a
307 2505 447 2586 principe
468 2515 552 2568 tomo
572 2509 703 2591 gloriam
724 2506 867 2570 dednnus
889 2505 959 2586 deo,
980 2513 1014 2566 et
1034 2505 1136 2568 eidem
1158 2509 1246 2588 prin-

95 2589 158 2669 cipi
185 2588 401 2652 benediximus
428 2592 575 2674 glorioso.
637 2594 727 2656 Idem
760 2601 866 2654 tamen
897 2591 1045 2672 princeps
1077 2599 1246 2673 postquam

93 2683 237 2736 votorum
264 2693 391 2737 suorum
416 2677 657 2742 insinuationem
670 2679 703 2758 ⁵)
731 2678 873 2760 peregit,
901 2685 1099 2738 acouventu
1121 2678 1246 2740 concilii

97 2761 256 2842 gratiosus
283 2762 391 2822 exivit.
435 2764 525 2826 'Iuno
545 2774 621 2846 post
640 2765 839 2846 praesentiae
859 2763 1036 2844 principalis
1056 2765 1245 2827 abscessum

93 2847 156 2910 hoc
176 2846 207 2908 in
228 2846 305 2908 tomi
324 2847 424 2926 ipsius
444 2849 625 2933 alligatione
645 2851 822 2912 invenimus
834 2847 869 2928 ο)
891 2856 1073 2912 exaratum:

178 2948 215 3008 In
234 2949 360 3008 nomine
382 2949 496 3011 domini
515 2952 647 3014 Flavius
666 2952 815 3034 Ervigius
838 2970 895 3012 rex
915 2951 1124 3013 sanctissimis
1143 2950 1246 3030 patri-

96 3033 157 3094 bus
176 3032 208 3092 in
227 3033 289 3094 hac
310 3041 423 3095 sancta
445 3037 566 3118 synodo
587 3037 815 3100 residentibus:
845 3037 951 3116 Ecce,
977 3038 1169 3098 sanctissimi
1189 3057 1246 3099 re-‘

94 3115 206 3196 ligiosa
224 3118 344 3198 pietate
366 3122 530 3185 excolendi
549 3123 716 3204 pontifices
737 3131 771 3184 et
785 3122 880 3185 divini
901 3123 1005 3184 cultus
1024 3122 1243 3186 instantissitni

95 3210 289 3285 sectatores,
316 3221 420 3266 coram
440 3215 554 3272 coetus
573 3211 674 3271 vestri
695 3208 879 3270 reveventia
900 3208 1024 3268 humilis
1044 3207 1244 3292 devotusque

95 3297 287 3369 prosternor,
309 3291 477 3372 recIInis⁷)
503 3295 636 3374 assisto,
656 3301 818 3374 promptus
839 3289 1026 3373 adstipulor,
1051 3295 1180 3372 primum
1201 3293 1244 3356 de

93 3382 270 3437 conventus
289 3377 390 3437 vestri
408 3381 638 3463 aggregatione
658 3379 739 3460 patri
759 3377 905 3439 luminum
932 3379 1099 3460 gratiarum
1121 3379 1244 3460 copiam

94 3461 239 3538 solvens,
267 3458 379 3522 deinde
406 3472 551 3526 votomm
578 3483 716 3526 maomm
742 3461 847 3525 studia
872 3465 991 3526 vestris
1014 3461 1140 3543 judiciis
1167 3465 1244 3526 diri-

95 3543 208 3606 menda
235 3547 442 3608 committens.
487 3551 603 3631 Neque
628 3551 711 3610 enim
739 3549 789 3610 fas
815 3555 866 3610 est
890 3567 1092 3630 quemquam,
1121 3550 1245 3613 etiamsi

96 3629 210 3689 bonum
227 3627 260 3705 8)
290 3630 333 3690 sit
360 3649 455 3712 opus,
484 3637 553 3696 sine
580 3635 710 3698 consilio
738 3653 856 3717 agere,
885 3652 957 3696 oum
982 3643 1089 3696 tamen
1114 3635 1243 3699 multum

95 3710 236 3793 prosit⁰)
257 3713 430 3778 benacum
451 3721 581 3782 consilio
601 3721 749 3781 bonomm
770 3722 879 3802 egisse
894 3719 956 3797 10).
986 3719 1078 3782 Unde
1099 3728 1135 3782 ut
1154 3721 1244 3784 brevi

95 3798 310 3861 exhortatione
329 3820 470 3881 perorem
489 3813 567 3866 vota
587 3823 667 3885 mea,
689 3805 802 3885 quibus
822 3803 959 3866 remedia
978 3806 1129 3884 pietatum
1148 3823 1245 3868 exer-

95 3884 158 3946 ceri
178 3883 334 3968 deleotor,
355 3889 502 3952 sensibus
522 3891 720 3972 paternitatis
739 3897 868 3950 vestrae
887 3890 1090 3972 agnoscenda
1110 3891 1242 3974 insinuo,

94 3987 174 4050 quae
199 3975 302 4032 tamen
333 3990 374 4034 ne
401 3973 497 4036 oblitu
524 3975 658 4057 quodam
683 3975 861 4037 memoriam
886 3973 1009 4059 fugiant
1037 3985 1071 4038 et
1101 3978 1243 4040 relationi
1360 4003 1361 4010 ¹

93 4053 232 4136 propriae
253 4071 394 4120 euramm
416 4075 456 4122 ea
475 4060 677 4143 intercapedo
697 4060 870 4142 subducat,
890 4061 922 4122 in
943 4060 1037 4142 hujus
1058 4063 1132 4126 tomi
1153 4081 1244 4133 com·

92 4213 289 4232 Ἥ

128 4307 156 4378 ¹)
174 4308 345 4376 quadruplata
362 4315 388 4362 et
406 4315 462 4362 eolo
478 4311 652 4378 episcoporum
669 4308 729 4366 add.
747 4311 786 4364 M.
812 4341 848 4354 -
878 4311 963 4365 Deest
981 4311 1033 4366 lroc
1058 4315 1198 4371 concilium
1214 4313 1243 4371 in

158 4380 191 4430 A.
209 4385 235 4432 et
251 4377 284 4430 Ε.
296 4380 339 4445 3.,
363 4380 528 4448 desumptum
546 4388 586 4434 eet
602 4398 619 4434 e
637 4383 729 4436 codice
745 4383 802 4436 BR.
826 4398 886 4436 eum
908 4381 1070 4439 venantibus
1094 4394 1242 4441 ceterorum

145 4447 326 4502 lectionibus.
362 4479 399 4488 -
433 4453 463 4519 ²)
480 4456 585 4502 auctore
600 4450 629 4503 in
647 4471 681 4506 m.
698 4454 736 4506 Μ.
770 4481 806 4492 -
844 4451 874 4520 ⁸)
892 4452 965 4506 deum
981 4454 1018 4507 M.
1052 4484 1088 4496 -·
1128 4457 1158 4526 ⁴)
1176 4463 1243 4510 met

127 4573 130 4578 ,
160 4517 293 4590 deartap.
310 4519 349 4572 M.
383 4548 419 4560 -·
455 4519 484 4587 6)
502 4521 723 4576 actimeminm.
740 4521 778 4576 M.
812 4550 848 4562 ··-
884 4522 913 4590 ο)
930 4525 1130 4590 perumimmin
1148 4532 1183 4594 t,
1200 4542 1243 4580 re-

158 4585 369 4658 portuensium.
385 4589 423 4650 M.
464 4618 500 4629 —
548 4590 697 4658 ⁷)recla‘ot'o
713 4593 750 4646 M.
788 4621 824 4634 -
866 4591 1172 4659 ⁸)ooodraninm.M.
1206 4623 1243 4638 -·

126 4655 155 4726 ⁹)
172 4673 228 4710 oum
245 4657 325 4711 miella
343 4658 464 4726 promitit
481 4660 543 4712 clun
559 4659 622 4715 ibid.
658 4689 692 4702 -
736 4661 784 4731 ¹⁰)
802 4661 917 4728 caepisse
933 4661 970 4716 M.
1005 4689 1039 4704 ·-
