2880 5050
223 257 288 328 374
460 199 720 328 'uouendum
741 251 1011 320 uomentium
1025 253 1112 318 xvl

224 449 267 496 ac
287 430 374 492 vitae
393 427 608 510 longaevitate
627 425 785 509 pollentes
806 421 892 488 adiro
911 432 1088 488 mercantur
1107 429 1185 504 post
1215 421 1390 486 transitur

224 513 368 580 sidereas
388 513 575 578 mansiones.
771 593 817 656 lx

313 681 405 746 Sicut
434 697 589 744 summum
617 679 731 742 bonum
758 686 809 740 est
828 675 984 758 valdeque
1010 676 1221 756 conspicuum
1251 693 1388 756 superno

227 768 346 832 numini
378 776 518 832 amanter
556 763 751 844 fideliterque
786 760 945 826 inhaerere
981 755 1112 842 ejusque
1144 760 1388 841 praeceptioni·

229 855 290 924 bos
303 853 336 931 ¹)
364 853 547 934 patientiam
571 850 656 911 votis
683 845 891 930 gliscentibus
918 846 1081 926 exhibere,
1111 847 1156 908 ita
1177 864 1386 927 consequens

229 937 345 1004 bonum
367 946 418 1002 est
438 945 512 1020 post
532 933 624 998 deum
645 934 786 1014 regibus,
807 939 917 1011 utpote
934 929 1003 1010 jure
1022 931 1140 994 vicario
1161 932 1204 994 ab
1230 951 1278 994 eo
1300 951 1384 1012 proe-

227 1024 360 1102 electis,
387 1021 482 1086 fldem
507 1020 690 1100 promissam
720 1022 875 1098 quemque
895 1015 1062 1078 inviolabili
1081 1014 1185 1078 cordis
1209 1017 1384 1078 intentione

230 1125 368 1187 servare,
391 1115 424 1168 et
443 1106 527 1170 nulla
546 1113 655 1168 contm
675 1119 732 1166 eos
746 1101 780 1180 ²)
802 1100 971 1162 occasione
992 1100 1159 1182 quidquam
1178 1100 1384 1164 nocibilitatis

231 1193 416 1272 excogitare
446 1187 582 1271 nihilque
608 1188 741 1266 nequius
768 1185 914 1266 definire,
945 1183 1071 1248 dicante
1090 1185 1238 1248 domiuo:
1279 1184 1384 1249 Nolite

230 1284 366 1358 tangere
390 1275 529 1338 Christos
549 1293 634 1338 meos
649 1271 699 1352 8),
721 1278 755 1332 et
775 1269 886 1332 iterum
905 1269 1028 1332 David:
1063 1270 1139 1347 Quis
1161 1273 1254 1332 mim
1279 1279 1383 1332 esten-

231 1360 333 1440 det⁴)
367 1380 494 1424 manum
529 1378 619 1421 soem
650 1358 686 1417 in
718 1355 876 1418 Christum
904 1355 1026 1418 domiai
1051 1361 1084 1416 et
1109 1357 1269 1418 innocens
1299 1355 1384 1417 erit?

230 1446 308 1511 item
336 1442 406 1526 ipse
436 1443 560 1508 cuidam
586 1441 795 1503 comminans:
841 1439 946 1516 Quare
978 1433 1048 1500 aoa'
1076 1441 1222 1501 timuisti
1258 1441 1381 1502 numme

231 1549 359 1594 manum
379 1535 483 1605 tuom,
505 1536 541 1592 ut
563 1526 721 1590 occideres
746 1524 902 1589 Obrimum
923 1523 1045 1586 domiui
1058 1519 1118 1601 ³]'i
1152 1523 1252 1585 Unde
1271 1542 1382 1602 oppor-

232 1625 341 1680 tunum
367 1613 447 1676 satis
476 1622 547 1692 est,
575 1621 612 1672 ut
640 1611 768 1690 sponsio
796 1609 985 1689 principibus
1008 1609 1237 1688 compromissa
1267 1610 1383 1687 absque

234 1702 336 1780 aliquo
365 1698 482 1762 fraudis
508 1699 610 1760 naevo
641 1691 854 1772 custodiatur,
893 1701 926 1754 et
955 1691 1036 1754 fides
1064 1695 1111 1754 eis
1139 1692 1268 1755 reddita
1298 1689 1384 1754 nullis

232 1786 420 1848 factionibus
437 1784 591 1864 nullisque
611 1777 706 1842 etiam
725 1775 884 1858 nequitiae
904 1776 1185 1840 machinationibus
1203 1785 1385 1840 temeretur.

233 1872 372 1942 Nomai
400 1868 475 1932 nudi
491 1867 525 1945 ὓ)
557 1873 678 1928 tantum
707 1865 796 1926 verbi
827 1862 1010 1942 pollicitatio
1047 1863 1185 1942 qualibet
1213 1865 1385 1924 occasione

232 1956 383 2036 violetur,
412 1952 548 2016 criminis
575 1949 775 2012 denotatione
796 1956 964 2028 censetu13
992 1948 1234 2029 quantomagis
1258 1950 1290 2010 si
1312 1947 1386 2010 fides

232 2041 361 2120 regibus
387 2039 445 2100 sub
472 2033 646 2114 jusjurandi
673 2033 877 2096 attestatione
905 2032 1059 2111 promissa
1086 2051 1290 2113 nequaquam
1320 2051 1387 2112 pro-

233 2124 331 2196 fanari
346 2121 379 2199 7)
405 2111 673 2200 pertimescatur?
712 2117 774 2177 Est
796 2117 877 2176 enim
899 2117 1100 2196 quorumdam
1121 2118 1339 2179 saecularium
1359 2127 1387 2178 et

234 2206 318 2288 quod
339 2204 430 2284 pejus
452 2211 504 2266 est
524 2201 723 2264 sacerdotum
744 2201 943 2280 improbanda
963 2205 1044 2264 satis
1065 2200 1233 2264 obstinatio
1268 2204 1387 2264 anima-

234 2311 301 2366 rum
317 2290 368 2371 Β),
398 2298 434 2351 ut
448 2287 483 2368 ο)
509 2286 603 2350 fidem
631 2287 698 2348 suis
719 2287 907 2369 principibus
927 2288 985 2348 sub
1003 2286 1178 2366 juramento
1200 2289 1388 2366 promissam

234 2377 403 2440 observare
429 2379 631 2438 contemnant
646 2371 722 2454 ¹⁰),
748 2379 782 2432 et
808 2372 971 2434 verborum
996 2372 1069 2434 fuco
1095 2371 1268 2452 juramenti
1290 2374 1388 2436 obnu-

235 2459 405 2540 bilent11)
434 2459 688 2541 promissionem,
718 2455 791 2518 dum
811 2457 842 2518 in
863 2474 976 2520 arcano
996 2455 1134 2538 pectoris
1155 2465 1325 2521 retentant
1343 2456 1388 2534 ¹²]

232 2547 427 2620 infidelitatis
452 2545 707 2624 perversitatem,
736 2549 768 2600 et
795 2541 867 2602 dum
888 2540 1041 2621 scriptum
1062 2551 1113 2604 est
1128 2542 1202 2620 ιθ);
1237 2539 1320 2606 Nou
1344 2563 1389 2604 as-

233 2652 336 2694 smnes
357 2650 470 2692 momen
492 2629 613 2702 domini
637 2626 690 2686 dei
712 2627 762 2686 tui
783 2627 819 2686 io
840 2646 974 2702 conum,
1000 2647 1060 2688 mec
1081 2629 1166 2690 enim
1184 2626 1323 2688 babebit
1345 2630 1390 2688 in-

233 2727 355 2780 sontem
384 2715 527 2776 dominos
558 2731 626 2774 eum
656 2711 711 2791 qui
738 2713 942 2790 assumpserit
968 2732 1081 2774 nomem
1107 2712 1230 2774 domini
1258 2713 1318 2774 dei
1345 2714 1391 2772 sai

228 2799 445 2884 frustra1‘);
477 2805 511 2872 ct
539 2796 669 2858 iterum:
708 2791 782 2858 Non
807 2797 987 2876 perjurabis
1013 2799 1050 2861 im
1076 2799 1203 2858 momine
1230 2817 1307 2860 mec
1336 2817 1389 2858 neo

229 2883 354 2966 pollues
382 2903 494 2945 nomem
523 2880 644 2942 domiui
669 2877 723 2940 dei
751 2881 817 2956 tui,
846 2900 904 2961 ego
931 2881 1074 2944 dminus
1090 2881 1163 2964 Η),;
1195 2900 1390 2962 rursusque:

234 2967 427 3034 Maledictus
456 2966 556 3037 ommis
585 2966 639 3046 qui
660 2965 757 3042 jurat
783 2967 819 3026 in
845 2967 972 3028 momine
1000 2967 1054 3030 dei
1086 2968 1139 3030 sui
1170 2965 1390 3044 mendaciter3

234 3051 278 3117 illi
301 3051 444 3132 jurantes
473 3050 567 3118 iidem
594 3045 779 3128 promissam
807 3057 959 3114 temerare
986 3071 1047 3124 nou
1067 3059 1219 3130 metuunt,
1242 3059 1282 3114 et
1308 3051 1390 3130 jura·
1417 3099 1418 3102 ,

235 3137 335 3198 menti
364 3135 414 3197 sui
439 3134 694 3215 pollicitationem
720 3134 1132 3214 praevaricarenullatanus
1153 3137 1390 3217 pertimescunt.
1417 3113 1418 3190 Ὗ

235 3221 326 3286 Unde
358 3221 431 3302 quia
453 3218 507 3298 ιθ)
544 3219 707 3281 Sisbertus
748 3209 921 3285 uoletanao
955 3220 1043 3284 sedis
1078 3221 1250 3300 episcopus
1280 3223 1392 3282 talibus

234 3305 514 3375 machinationibus
542 3301 711 3366 denotatus
740 3313 883 3383 repertus
912 3313 980 3387 est,
1009 3324 1063 3385 pro
1084 3323 1125 3366 eo
1146 3303 1229 3386 quod
1251 3307 1392 3368 serenis·

236 3393 355 3457 simum'
378 3387 533 3458 dominum
563 3396 702 3453 nostrum
729 3387 904 3468 Epicanem
929 3409 1039 3472 regem
1066 3409 1128 3454 non
1149 3397 1272 3453 tantum
1296 3407 1391 3472 regno

236 3476 358 3556 privare
387 3471 446 3536 sed
475 3482 508 3535 et
538 3481 638 3537 morte
666 3490 738 3539 cum
767 3472 931 3555 Frogello,
961 3473 1184 3553 Theodomiro,
1213 3473 1391 3552 Liuvilaue‚

235 3560 447 3641 Liuvigotone
462 3557 517 3636 ¹⁷)
544 3575 687 3638 quoque,
718 3555 837 3620 Thecla
861 3567 895 3619 et
916 3559 1032 3624 ceteris
1053 3559 1226 3625 interimere
1251 3559 1392 3622 delinivit

237 3652 334 3724 atquc
366 3642 456 3724 genti
488 3640 557 3721 ejus
583 3642 637 3726 rel
667 3641 785 3720 patriae
812 3642 923 3704 inferre
953 3645 1147 3714 conturbium
1175 3651 1208 3708 et
1235 3645 1392 3706 excidium

237 3729 406 3811 cogitavit,
428 3727 480 3806 qui
501 3727 594 3791 etiam
614 3745 670 3805 per
691 3725 811 3790 decreti
830 3728 929 3788 nostri
949 3728 1159 3795 definitionem
1176 3725 1305 3808 jactet
1327 3730 1389 3790 loeo

237 3823 272 3876 et
292 3815 409 3888 honore
429 3811 569 3892 privatus
591 3811 719 3892 existit;
740 3810 811 3872 ideo
832 3821 975 3884 nostrum
986 3816 1018 3878 in
1040 3832 1203 3880 commune
1224 3831 1284 3894 per
1301 3813 1386 3892 hujus

238 3897 409 3962 canonicae
431 3897 604 3974 sanctionis
625 3896 768 3958 decernit
788 3897 977 3979 collegium,
1007 3907 1043 3962 ut
1062 3900 1124 3963 hoc
1146 3900 1249 3980 ipsum
1271 3897 1390 3962 umoris

237 3990 365 4059 nostrae
392 3981 570 4060 decretum,
600 3979 683 4064 quod
713 3981 807 4042 etiam
832 3981 882 4046 his
904 3983 1065 4069 synodicis
1085 3983 1325 4052 definitionibus
1346 3985 1392 4046 iu-

237 4151 437 4170 Μ

270 4246 304 4382 ι4))
317 4250 492 4367 mmai&
508 4243 992 4384 1,ᾗδεῖ).26ἶέ).θω-ἰι·Μη-ἳηδειιίι)
1009 4250 1106 4386 ξῖᾞ.
1124 4249 1190 4359 19-5,
1210 4251 1253 4388 15))
1269 4281 1342 4372 soruba
1360 4322 1393 4372 tl.

276 4385 305 4452 ⁷)
323 4385 463 4452 prosocero
478 4382 516 4434 Μ.
534 4409 570 4422 -
594 4382 625 4448 ⁸)
637 4385 779 4439 catumeum
795 4385 833 4436 M.
850 4417 886 4428 —
911 4387 940 4456 ο)
952 4396 977 4440 et
986 4389 1025 4444 M.
1041 4417 1077 4430 -
1094 4388 1194 4442 Forte:
1211 4392 1256 4456 qai
1268 4399 1294 4444 at
1312 4393 1393 4444 Haud.

256 4456 305 4520 10)
325 4457 483 4508 coortemmutt
501 4483 530 4500 ..
564 4451 614 4518 Η)
633 4453 779 4507 obstabiloot
797 4491 822 4506 ..
857 4455 906 4521 12)
924 4463 1048 4510 retentent
1066 4493 1094 4512 ..
1116 4452 1178 4525 ’13)
1196 4459 1231 4512 tit
1250 4495 1280 4514 ..
1300 4461 1339 4513 Μ.
1363 4487 1395 4498 -

256 4519 518 4588 insinuaut.
554 4547 588 4560 ‹-
632 4522 849 4592 1³)Levit.19‚
868 4525 910 4576 12.
941 4557 980 4596 Ι--Ι
1026 4527 1311 4596 ¹⁶)quioom.altl.
1348 4559 1380 4570 -

257 4592 307 4658 ¹⁷)
325 4589 457 4658 Flopotlo,
478 4583 661 4655 occulamus,
680 4594 825 4658 hiarbilous,
844 4594 1006 4660 hiodipitoos
1022 4594 1060 4648 Μ.
1095 4624 1130 4640 -
