2880 5050
224 273 290 343 aru
328 319 332 326 .
479 251 721 339 concrum
742 255 1012 338 mauranus
1026 259 1116 338 xm·

228 443 400 530 subjugari,
419 439 499 530 etl)
516 461 596 526 quae
617 439 676 506 luit
697 439 820 506 domina
841 437 948 528 gentis
969 439 1012 506 sit
1031 438 1064 504 in
1082 439 1293 522 postmodum
1320 459 1404 526 pro·

228 531 374 596 stibulum
394 527 571 614 foeditatis,
594 539 627 592 et
646 547 727 612 quae
747 527 824 592 toris
846 527 952 590 extitit
969 525 1130 610 regalibus
1149 527 1286 592 honoris
1306 529 1402 612 ,regii

122 685 126 693 ,
228 613 410 681 sublimitati
429 615 598 698 conjuncta
616 609 733 696 stupris
754 631 860 675 eorum
875 615 928 674 vel
944 611 1111 696 conjugiis,
1127 611 1243 694 quibus
1262 613 1401 694 pridem

115 745 117 752 ·
229 697 387 769 dominata
409 710 476 781 est,
505 697 664 760 abdicetur
683 707 720 761 ut
739 693 897 780 reprobat
938 696 1020 776 Quid
1048 713 1125 780 ergo
1152 695 1181 759 si
1207 697 1399 760 moriuntur

228 780 414 870 principes?
442 781 588 864 numquid
615 781 842 846 inhonorandas
867 777 1042 863 relinquunt
1069 782 1119 843 sui
1139 781 1284 861 corporis
1316 803 1399 863 pur-

144 927 148 936 .
230 865 314 933 tesi
338 875 393 930 aut
414 865 487 952 quia
508 865 548 930 ad
570 865 685 950 gaudia
712 859 864 930 coelestia
884 862 1247 932 Christiani'traureunt
1274 885 1396 950 reges,

228 962 394 1038 propterea
424 953 464 1016 ad
494 949 713 1014 contumeliam
741 948 774 1012 in
801 951 931 1014 saeculo
952 969 1057 1014 eorum
1077 950 1287 1014 devocandae
1314 962 1393 1014 sunt

229 1031 413 1122 conjuges?
453 1037 618 1118 Nusquam
640 1053 717 1119 ergo
735 1033 917 1098 inhonorum
939 1051 1014 1097 esse
1034 1043 1175 1116 oportet,
1203 1036 1295 1118 quad
1329 1039 1392 1098 ho-

151 1191 156 1204 ,
230 1123 398 1186 notandum
420 1117 568 1184 convenit
588 1130 760 1204 opportune
780 1118 896 1188 haberi.
932 1118 1019 1184 Nulli
1039 1139 1116 1203 ergo
1135 1117 1247 1184 licebit
1268 1141 1390 1202 super·

212 1207 336 1284 ¹stitem
358 1205 497 1288 reginam
517 1203 577 1268 sibi
596 1203 629 1268 in
651 1203 800 1287 conjugio
822 1205 952 1285 ducere,
983 1223 1045 1268 non
1065 1203 1199 1267 sordidis
1219 1206 1389 1270 contacti-

229 1293 289 1356 bus
301 1293 485 1356 maculare:
505 1309 567 1354 non
587 1291 648 1354 boe
668 1287 824 1353 secuturis
844 1289 972 1373 regibus
991 1287 1128 1372 licitum,
1148 1309 1212 1353 uon
1232 1291 1386 1372 cuiquam

229 1375 387 1440 hominum
413 1373 521 1440 licebit
547 1395 622 1438 esse
649 1374 844 1458 permissum.
885 1373 977 1454 Quod
1002 1373 1032 1437 si
1051 1377 1163 1438 lacere·
1176 1377 1241 1437 tale
1264 1376 1383 1457 aliquid

231 1461 396 1545 quisquam
428 1459 691 1545 praesumpserit,
726 1479 787 1544 quo
823 1468 878 1522 aut
909 1460 1109 1541 superstitem
1133 1460 1272 1544 reginam
1297 1469 1377 1540 post

231 1544 417 1610 decedentis
443 1545 590 1630 principis
615 1551 745 1608 mortem
771 1543 831 1608 sibi
855 1543 887 1607 in
914 1544 1067 1609 connubio
1093 1549 1223 1627 copulet
1239 1554 1291 1608 aut
1309 1545 1376 1607 ud-

230 1631 364 1698 ulterina
382 1629 551 1714 pollutione
571 1631 780 1714 contaminet,
800 1628 870 1692 sive
891 1629 934 1694 sit
954 1649 1011 1692 rex
1031 1630 1103 1693 sive
1123 1629 1255 1713 quilibet
1272 1628 1379 1693 bomi-

231 1737 325 1802 num,
358 1714 411 1801 qui
440 1715 533 1799 hujus
565 1726 693 1778 nostrae
719 1714 892 1778 sanctionis
919 1705 1106 1780 sententiam
1134 1715 1253 1780 violare
1284 1735 1381 1797 prae-

231 1801 414 1885 sumpserit,
442 1801 484 1864 sit
510 1801 550 1865 ab
571 1800 655 1864 omni
676 1800 920 1864 Christianomm
939 1801 1154 1862 communione
1173 1803 1326 1864 seclusus
1348 1811 1380 1863 et

230 1885 407 1970 sulphureis
435 1905 506 1950 cum
533 1885 655 1950 diabolo
681 1887 880 1949 contradatur
905 1885 1031 1968 ignibus
1059 1887 1247 1949 exurendus.
1300 1885 1380 1964 Qui-

229 1991 363 2056 cumque
382 1967 479 2056 igitur
498 1969 591 2052 hujus
612 1969 864 2051 institutionis2)
885 1979 1012 2034 nostrae
1032 1969 1280 2052 praesumpserit
1301 1991 1380 2035 con-

228 2050 347 2120 uellere
373 2057 426 2118 vel
452 2055 602 2118 abradere
627 2055 839 2136 sanctionem,
865 2055 908 2117 sit
933 2074 1046 2118 nomen
1073 2056 1144 2137 ejus
1171 2059 1320 2119 abrasum
1347 2065 1380 2120 et

229 2143 367 2205 deletum
394 2140 434 2203 de
462 2139 538 2202 libro
566 2139 671 2221 vitae,
700 2149 736 2201 ut
762 2141 934 2203 Tartareas*
955 2139 1065 2221 judicii
1089 2161 1211 2224 poenas
1240 2141 1380 2224 excipiat

228 2223 282 2312 qui
303 2222 384 2290 haec
405 2223 533 2288 decreta
554 2223 730 2290 honestatis
751 2224 917 2289 devoverit
934 2227 1087 2290 violanda.

232 2403 238 2412 ‘
311 2391 611 2478 Saepe·oiihsoat³)
626 2394 772 2458 nobilium
791 2415 894 2480 genus
914 2398 1113 2460 suberectum
1132 2380 1299 2459 servientis
1317 2395 1378 2458 im-

227 2479 378 2564 portabile
406 2481 563 2566 dedecus,
592 2481 676 2566 quod
704 2490 736 2544 et
762 2501 936 2566 generosos
963 2482 1170 2564 adaequatum
1189 2480 1323 2545 infamat
1344 2492 1378 2544 et

227 2565 360 2630 dominis
386 2569 566 2650 plemmque
594 2577 699 2630 notam
726 2565 907 2648 proditionis
936 2565 1092 2648 importat.
1142 2563 1264 2629 Multos
1294 2567 1376 2630 enim

228 2673 269 2714 ex
299 2651 402 2715 servis
432 2653 485 2714 uel
516 2650 634 2716 libertis
660 2651 823 2734 plurimum
846 2669 895 2714 ‘ex
922 2651 1012 2736 regio
1039 2653 1132 2732 jussu
1159 2651 1307 2715 novimus
1335 2654 1375 2715 ad

104 2765 108 2780 =
226 2735 397 2820 palatinum
423 2735 521 2800 fuisse
549 2746 725 2820 pertractos
750 2735 902 2818 cilicium,
930 2737 983 2818 qui
1009 2747 1116 2800 tamen
1142 2736 1295 2800 affectare
1316 2757 1376 2800 cu·

225 2819 351 2903 pientes
379 2821 600 2884 sublimitatem
629 2821 768 2902 honoris,
798 2841 890 2904 quam
910 2820 970 2884 illis
991 2823 1195 2885 subtrahebat
1214 2821 1302 2884 natio
1324 2825 1374 2885 ol-

225 2907 371 2970 fuscatae
392 2904 537 2988 originis,
561 2908 632 2969 dum
653 2908 803 2990 aequales
823 2904 954 2968 dominis
974 2927 1030 2987 per
1050 2917 1241 2990 susceptum.
1256 2908 1374 2988 palati-

226 3009 300 3054 num
329 2991 464 3055 officium
492 2989 568 3054 facti
596 3001 668 3055 sunt
680 3038 689 3074 ,
719 2990 751 3054 in
777 3011 890 3054 necem
916 2991 1104 3054 dominorum
1124 3010 1248 3056 suorum
1268 2995 1374 3056 vehe-

225 3074 361 3139 mentius
383 3069 628 3160 grassaterunt,
651 3086 685 3139 et
705 3077 788 3158 quod
808 3078 897 3139 nefas
919 3085 971 3138 est
989 3077 1112 3162 dicere,
1133 3077 1227 3140 etiam
1248 3076 1298 3162 bi,
1321 3077 1373 3160 qui

215 3164 248 3224 ‘a
269 3159 400 3224 dominis
420 3161 488 3224 suis
513 3159 665 3224 libertatis
692 3160 845 3224 beneflcio
871 3161 1044 3243 potiuntur,
1072 3161 1134 3244 ipsi
1156 3166 1283 3250 quoque
1313 3165 1374 3226 do-

226 3245 318 3310 minis
346 3245 413 3310 suis
440 3244 527 3332 regio
552 3245 646 3329 jussu
673 3255 807 3309 tortores
835 3245 984 3309 existunt
1023 3247 1206 3330 Numquid
1230 3247 1315 3332 jam,
1344 3249 1372 3312 si
1422 3297 1423 3300 ,

223 3329 477 3417 praecedentium
506 3340 539 3394 et
564 3333 757 3416 antiquorum
787 3329 935 3395 historica
962 3331 1136 3396 humatione
1164 3353 1372 3398 memoremus

119 3451 122 3459 ‹
225 3416 368 3500 excidia,
394 3416 510 3500 inqua
530 3415 869 3481 obscoenaservitutis
889 3417 1025 3480 conditio
1048 3417 1238 3482 dominorum
1268 3439 1367 3501 raepe

199 3521 350 3564 ¹suorum
379 3520 487 3564 casum
511 3501 654 3584 operiens
681 3511 714 3564 et
738 3518 867 3585 regnum
889 3501 1002 3583 pariter
1027 3504 1219 3574 labefactare
1238 3503 1315 3568 iecit
1337 3515 1369 3567 et

224 3582 395 3650 dominos?
433 3587 486 3648 'Ac
514 3586 642 3666 proinde
671 3585 816 3649 hortante
842 3587 959 3668 pariter
987 3605 1027 3650 ao
1050 3587 1183 3668 jubente
1207 3589 1367 3670 praedicto
1421 3615 1422 3626 ¹

223 3670 448 3756 gloriosissimo
473 3669 612 3754 principe
638 3673 699 3734 hoc
726 3670 826 3734 nostri
852 3682 965 3735 coetus
985 3673 1172 3756 aggregatio
1193 3677 1366 3738 observan-

222 3755 296 3821 dum
322 3753 472 3840 instituit,
501 3765 542 3818 ut·
562 3756 707 3840 exceptis
732 3757 835 3820 servis
860 3759 914 3818 vel
934 3755 1061 3820 'libertis
1081 3757 1243 3830 fiscalibus
1263 3761 1363 3822 rullus

221 3861 383 3905 servorum
409 3849 504 3924 atque
532 3842 626 3906 etiam
654 3841 828 3905 libertorum
850 3841 1054 3922 quorumlibet
1073 3842 1225 3926 deinceps
1247 3845 1288 3908 ad
1305 3863 1357 3925 pa·
1420 3899 1421 3910 ,

220 3925 349 3990 latinum
371 3927 555 4008 quandoque
576 3925 705 3991 transire
726 3927 922 4008 permittatur
942 3927 1093 4010 olllcium,
1120 3949 1181 3992 neo
1203 3929 1297 3992 etiam
1313 3930 1361 3990 lo—
1420 3953 1421 4026 q

222 4029 328 4076 uorum
348 4009 502 4074 fiscalium
522 4021 618 4093 atque
640 4012 733 4074 etiam
753 4009 953 4094 proprietatis
973 4012 1081 4096 regiae
1095 4013 1363 4078 adminiculatores

220 4097 274 4158 uel
295 4105 420 4160 actores
439 4095 507 4171 lieri
528 4097 665 4178 quolibet
673 4108 825 4178 tempore
851 4095 1065 4179 admittantur,
1093 4100 1152 4161 sed
1179 4097 1364 4165 conditionis

220 4199 299 4245 suae
328 4200 418 4244 usmn
445 4179 595 4264 deinceps
620 4179 835 4264 unusquisque
854 4197 1013 4244 servoruum
1034 4183 1364 4248 vel—libertorumve·

93 4299 98 4303 ·
217 4267 332 4332 recitet
351 4264 554 4329 reminiscens
574 4265 619 4328 lta
640 4265 699 4328 sibi
722 4268 761 4328 ab
783 4266 888 4329 ordine
909 4266 1045 4348 palatino
1067 4267 1200 4332 extorris
1212 4265 1363 4351 proficiat,

218 4363 255 4416 ut
280 4349 413 4418 dominis
440 4350 508 4416 suis
528 4352 580 4412 vel
609 4349 797 4414 dominorum
824 4370 950 4416 suorum
970 4349 1148 4434 posteritati
1168 4373 1230 4418 nec
1250 4365 1362 4418 noceat

216 4457 278 4504 uec
311 4434 452 4521 aemulis.
483 4433 610 4526 exismt.
673 4435 766 4526 Quod
797 4433 826 4504 si
853 4435 1004 4522 deinceps
1032 4457 1293 4524 quommcumque
1319 4438 1361 4504 sit
