2880 5050
220 448 304 514 nite
326 431 524 513 obedientiae
543 448 623 508 vote¹
640 461 806 528 paremus,
835 439 1010 506 sedetiam
1032 439 1156 523 gemino
1175 441 1210 505 id
1234 439 1391 508 &nitetis

221 529 327 598 officio
348 546 547 618 peragamus,
564 529 629 614 jam
645 529 797 614 quomodo
818 527 1023 592 obediendum
1046 536 1096 590 est
1116 527 1388 610 praeeminenti?

221 611 345 700 Quibus
373 618 536 698 spostolus
552 615 584 702 ¹)
610 615 656 678 ita
685 615 809 679 obedire
830 615 1010 696 praecepit,
1037 613 1140 676 node
1161 615 1388 679 inobedientia

223 705 327 773 fratris
346 704 512 766 videantur
535 703 598 762 ullo
624 701 717 764 modo
744 699 927 763 contristari.
978 697 1105 762 Accidit
1117 697 1153 776 ²]
1178 701 1268 760 enirn
1299 703 1387 776 rnul-

223 792 329 872 toties,
350 783 386 851 ut'
406 799 504 850 cause
524 787 637 848 salutis
656 785 789 866 alicujus
803 785 855 846 vel
876 784 1050 848 collationis
1069 786 1279 846 necessariae
1299 807 1385 848 evo-

139 937 144 950 ,
224 873 288 940 esti
309 893 328 937 a
349 874 487 958 principe
508 873 561 958 vel
587 873 824 954 metropolitano
850 869 1030 932 confinitimi
1054 869 1241 932 sacerdotes
1270 875 1383 937 venire

223 954 378 1042 differant,
398 967 432 1020 et
452 947 586 1018 diversis
607 955 862 1018 excusationibus
883 961 990 1038 ugant3
1010 954 1123 1036 quibus
1142 955 1287 1035 implere·
1300 977 1381 1040 quae

191 1051 194 1056 '
220 1044 368 1130 jubentur
393 1044 546 1106 omittant.
597 1043 668 1104 Hae
695 1041 735 1104 do
756 1039 951 1106 renascitur
972 1038 1194 1103 etdil'doultes
1217 1039 1380 1108 ordinibus

225 1139 260 1194 et
281 1135 479 1210 contemptus
506 1123 693 1206 majoribus:
720 1133 753 1186 et
774 1121 845 1187 ideo
867 1125 986 1204 siquis
1008 1124 1226 1206 episcoporum
1249 1147 1272 1188 a
1295 1131 1380 1210 prin·

213 1215 296 1296 cipe
310 1215 370 1280 vel,
382 1211 617 1292 metropolitano
639 1228 697 1274 suo
720 1209 895 1274 admonitus
916 1209 1083 1356 desiprtato
1101 1208 1161 1272 sibi
1180 1209 1307 1274 dierum
1330 1235 1378 1277 rs-

224 1298 363 1362 iionabili
389 1297 429 1360 ad
455 1297 643 1359 veniendum
669 1297 772 1377 spotio
800 1296 870 1356 sive
889 1313 953 1376 ¹pro
994 1295 1206 1357 estivitetibus
1235 1303 1375 1382 suminis,

217 1375 345 1471 pascha
376 1383 522 1464 scilicet,
553 1389 739 1464 pentecoste
774 1387 808 1442 et
839 1373 1003 1442 nativitate
1029 1379 1142 1442 domini
1167 1381 1372 1467 celebrandis,

225 1471 296 1534 sive
322 1487 376 1551 pro
405 1485 567 1531 causarum
595 1467 733 1550 negotiis
759 1481 818 1528 seu
844 1485 898 1548 pro
927 1465 1125 1545 pontificibus
1150 1469 1366 1532 consecrandis

185 1551 187 1558 '
223 1546 276 1618 'vel
303 1574 358 1636 pro
380 1553 832 1636 quibuslibetordinationibus
848 1551 1017 1634 principis,
1046 1560 1183 1632 excepte
1203 1553 1372 1616 inevitabili

223 1637 417 1706 necessitate
438 1637 623 1700 infirmitatis
645 1657 726 1718 quae
748 1637 883 1704 testibus
896 1635 1004 1716 possit
1031 1638 1225 1716 comprobari
1243 1638 1373 1724 idoneis,

162 1720 166 1727 ’
224 1725 265 1792 ad
287 1725 491 1798 constitutum
512 1723 593 1786 diem
614 1725 721 1784 venire
742 1721 905 1803 distulerit,
926 1729 1170 1804 contemptorum
1191 1738 1232 1792 se
1254 1727 1375 1788 noverit
1403 1777 1409 1792 .

224 1809 546 1874 excommunicatione
567 1809 727 1894 mulctarit
753 1805 827 1885 sit)
848 1815 954 1868 tamen
976 1809 1120 1886 exceptis
1140 1825 1235 1888 supra
1257 1813 1376 1892 taxatis

225 1894 372 1977 capitulis
405 1903 459 1955 aut
490 1893 647 1954 fluminum
680 1901 734 1954 eut
767 1896 871 1954 adnuo
886 1891 1076 1972 procellosa
1107 1893 1308 1958 immensitas
1341 1895 1376 1958 ad

224 1980 417 2062 praefinitum
439 1977 519 2040 diem
541 1979 658 2044 aditum
680 1979 709 2038 ei
730 1976 912 2044 subduxerit
930 1977 1130 2060 properandi,
1157 1978 1240 2059 quod
1270 1990 1376 2044 tamen

142 2127 146 2154 ι
225 2071 259 2127 et
280 2065 342 2127 hoc
362 2065 463 2144 ipsum
485 2053 630 2146 convinci
651 2059 772 2123 idoneis
792 2061 930 2123 testibus
951 2061 1113 2142 oportebit.
1153 2061 1251 2127 lisn'c
1280 2070 1377 2130 etiarn

224 2157 258 2213 et
286 2149 329 2209 rili
355 2165 397 2208 ex
426 2145 625 2226 pontificibus
653 2147 839 2208 sententiam
865 2149 1064 2209 merebuntur
1088 2145 1236 2230 accipeie
1251 2150 1288 2230 ⁴)
1329 2153 1377 2234 qni

223 2240 352 2296 exortos
371 2240 487 2308 *contra
515 2249 552 2294 se
580 2233 732 2294 clamores
759 2233 956 2314 negotiorum
983 2231 1132 2295 admoniti
1152 2253 1172 2296 a
1191 2241 1376 2318 metropoli-

224 2305 297 2382 tano
328 2317 503 2380 distulerint
529 2317 694 2381 emendare
723 2325 819 2399 atque
849 2335 1069 2400 compescere,
1100 2327 1155 2381 aut
1168 2323 1205 2396 ⁴si
1226 2319 1377 2385 admoniti

223 2411 260 2467 ut
280 2401 321 2466 ad
337 2400 489 2484 judicium
509 2400 626 2484 prinite
647 2401 734 2466 sedis
751 2401 910 2465 ‘accederit
930 2399 986 2465 erit
1005 2423 1062 2484 per
1077 2420 1118 2465 se
1132 2405 1287 2470 n'oluer‘int
1298 2419 1379 2489 pro-

222 2507 333 2574 perere
355 2496 411 2550 aut
431 2487 533 2552 vades
554 2507 630 2556 suos
652 2489 848 2573 neglexerint
868 2489 1011 2570 legaliter
1033 2489 1211 2554 informatos
1232 2491 1379 2576 dirigere.

194 2719 195 2724 ,
304 2657 399 2719 Licet
418 2657 554 2718 unanimi
575 2658 793 2720 consensionis
813 2665 941 2718 nostrae
956 2653 1074 2746 judicio
1095 2665 1189 2742 gesta
1210 2662 1379 2744 medalio

170 2801 172 2806 .
223 2731 367 2804 ’l'oletani
400 2741 522 2804 concilii
553 2742 729 2806 duodecimi
760 2751 834 2806 acta
863 2749 937 2804 sunt
964 2751 1059 2824 etque
1088 2743 1260 2828 disposite,
1293 2767 1379 2830 quae

222 2817 326 2898 ¹anuo,v
335 2827 431 2908 primo
460 2827 587 2909 gloriosi
617 2829 764 2908 principis
790 2827 912 2910 Ervigii
938 2827 969 2886 in
999 2829 1060 2890 hac
1074 2831 1155 2892 urbe
1175 2834 1264 2916 regie
1287 2837 1380 2896 cele-

222 2913 312 2977 brata
334 2920 418 2992 sunt,
440 2920 650 2984 nunetemen
671 2916 783 2976 iterato
805 2912 1048 2975 inconvulsibilis
1068 2925 1195 2994 nostrae
1217 2917 1380 2982 definitio-

222 2997 272 3066 nis
299 3015 433 3059 assensu
464 3015 503 3058 ea
528 2994 599 3078 ipsa
626 3008 739 3080 gesta,
770 3006 861 3078 prout
887 3006 981 3080 gesta
1007 3007 1080 3060 sunt
1106 2998 1171 3062 vel*
1187 3006 1378 3086 conscriptor,

222 3083 305 3144 omni
331 3090 502 3162 temporum
530 3082 716 3144 aeternitate
743 3083 877 3143 valitura
904 3081 1100 3146 decernimus
1117 3095 1158 3156 ,et
1180 3085 1379 3152 omnimodae

222 3163 400 3246 soliditatis¹
419 3167 529 3249 vigore
557 3167 713 3230 firmamus
737 3166 830 3248 juxte
860 3166 996 3228 ordinem
1021 3172 1240 3253 capitulorum,
1270 3177 1378 3256 quiin

223 3249 343 3314 eisdem
363 3251 467 3336 gestis
488 3255 685 3334 conscriptus
705 3271 779 3315 esse
801 3251 964 3332 probatur,
983 3251 1015 3314 id
1037 3263 1105 3318 est:
1140 3257 1189 3320 De
1210 3261 1322 3342 agnita
1344 3271 1377 3322 et

221 3337 404 3400 confirmata
430 3337 662 3417 praeelectione
691 3337 810 3421 lastigii
836 3335 1014 3418 principalis
1042 3340 1072 3400 in
1098 3344 1222 3404 nomine
1244 3339 1379 3426 gloriosi

222 3421 336 3482 domini
367 3423 464 3482 nostri
493 3423 613 3506 llrvigii
642 3421 737 3508 regis.
787 3423 885 3484 Item:
915 3421 964 3482 De
986 3423 1036 3484 his
1067 3427 1377 3508 quipoenitentiam

214 3514 283 3566 'non
304 3507 479 3568 sentientes
492 3507 525 3585 ⁵)
541 3511 721 3590 accipiunt.
769 3507 868 3568 item:
898 3504 948 3568 De
978 3509 1168 3590 culpatorum
1194 3517 1376 3594 receptione

220 3591 273 3663 vel
295 3581 509 3652 communione
531 3594 614 3673 apud
636 3593 825 3656 ecclesiam.
856 3593 955 3652 item:
987 3593 1030 3654 Ut
1051 3596 1082 3656 in
1102 3597 1198 3680 locis,
1219 3601 1279 3660 ubi
1303 3602 1374 3680 epi-

219 3676 341 3756 scopus
362 3695 423 3735 non
452 3675 526 3757 tuit,
553 3677 755 3760 nunquam⁶)
785 3677 953 3756 episcopus
975 3677 1139 3744 ordinetur.
1189 3685 1289 3746 item:
1323 3686 1372 3746 De

187 3793 192 3806 ·
220 3759 423 3842 ipuorumdam
456 3764 683 3826 consuetudine
716 3759 914 3824 sacerdotum
943 3759 1141 3849 foedissime,
1166 3771 1230 3850 'qui
1260 3771 1371 3832 obletis
1424 3805 1425 3822 .

219 3845 281 3908 deo
302 3865 416 3925 perse
438 3847 600 3922 sacrifieiis
627 3867 688 3910 non
717 3849 955 3910 communicent.
1003 3851 1102 3913 item:
1139 3851 1188 3914 lle
1207 3853 1368 3916 'concessa
1424 3861 1425 3882 ¹

222 3930 375 3991 'l'oleteno
395 3931 535 4010 pontifici
556 3935 713 4016 generalis
742 3931 855 4016 synodi
872 3929 1062 4016 potestate,
1088 3943 1125 3998 ut
1153 3935 1294 4020 episcopi
1315 3938 1371 3999 ¹al-

185 4072 189 4077 ,
218 4014 319 4090 ‚terius
340 4015 525 4094 provinciae
553 4037 623 4080 curn
652 4015 852 4080 conniventis
870 4016 1041 4099 principum
1062 4019 1094 4084 iu
1114 4025 1190 4084 urbe
1209 4027 1298 4108 regia
1321 4043 1373 4086 or-

219 4097 374 4163 dinentur.
417 4099 515 4162 item:
547 4091 596 4164 ile
623 4109 752 4184 recepto
780 4101 960 4162 testimonio
985 4107 1203 4189 personarum,
1237 4111 1290 4192 qui
1319 4129 1374 4190 per

216 4178 325 4266 legem
337 4180 356 4264 ,'
378 4201 460 4264 quae
478 4185 531 4248 ‘de
558 4187 936 4268 promotione-exercitus
963 4186 1049 4252 facta
1077 4201 1149 4274 est,
1182 4193 1374 4256 testificandi

221 4340 421 4361 μιαν-.-

257 4415 560 4485 1)Hebr.13,lsqq.
596 4447 631 4458 -
666 4421 696 4488 Ξ)
714 4421 816 4473 Accedit
831 4421 868 4472 Μ.
904 4450 939 4462 -
974 4421 1120 4488 ⁸)F0'rte:
1145 4427 1317 4484 elusissent.
1340 4461 1373 4470 —

255 4489 285 4555 ⁴)
304 4489 422 4553 excipere
444 4484 482 4534 Μ.
527 4511 563 4524 ·-
600 4488 645 4554 ¹³)
662 4503 712 4541 reon
730 4491 913 4542 consentientes
935 4477 967 4543 il.
984 4492 1011 4542 4.
1037 4493 1072 4546 Τ.
1090 4499 1188 4550 Leros
1204 4503 1313 4553 scienter
1337 4503 1374 4554 M.

291 4553 431 4616 hocloco,
456 4558 499 4616 est
514 4553 545 4604 in
559 4551 635 4607 titulo
653 4575 726 4612 conc.
743 4561 831 4612 Tolet.
847 4561 904 4613 llll.
931 4576 953 4612 c.
971 4562 1137 4633 sempsit:
1162 4583 1213 4619 noo
1229 4570 1374 4624 sentientes.

255 4625 285 4688 θ)
305 4621 471 4692 oeconomio
490 4621 579 4674 nnM.
615 4654 653 4686 -Ῑ
807 4698 809 4704 Ι
932 4669 936 4674 .
1132 4679 1134 4686 .
