2928 5044
194 262 264 308 rur

194 409 274 488 viro
298 407 555 506 eruditissimo,
581 411 640 510 qui
665 409 816 489 consilio
842 434 977 488 mecum
1003 411 1134 488 collato
1158 409 1252 486 hane
1276 407 1346 486 ad-

194 570 337 642 ornaret
350 562 617 671 Bibliothecam.
641 563 876 644 Utilissimum
889 590 977 645 vero
1001 564 1210 642 mihivisum
1228 572 1348 641 estut

193 720 341 822 primum
361 715 597 797 Oolleetio
622 741 838 798 canonum
863 719 1102 800 ecclesiae
1127 719 1346 822 antiquae

40 907 42 912 ’
192 873 237 978 ἰιι1
255 873 372 952 lucem
396 873 579 978 prodiret3
612 851 742 953 etenim
766 875 851 954 inde
875 903 898 952 a
922 874 1082 978 plurimis
1106 874 1211 953 annis
1236 875 1345 954 talem

192 1029 441 1108 collectionem
465 1053 556 1130 quae
580 1055 604 1107 a
628 1027 820 1106 Studiosis
843 1030 1047 1130 tleolopiue
1071 1029 1191 1108 evolvi
1215 1038 1346 1132 posset

192 1190 299 1286 atque
323 1209 388 1288 per
417 1209 521 1285 quam
544 1208 726 1274 canonum
743 1184 924 1262 ecelesiae
948 1184 1112 1285 antiquae
1138 1183 1346 1260 Seruiocrii

190 1337 416 1440 theologicas
440 1338 535 1417 inter
558 1339 837 1418 exercitationes
858 1337 1121 1417 tractandorum
1134 1338 1218 1414 mihi
1236 1339 1343 1450 eopia

190 1492 311 1591 fieret,
335 1491 634 1572 desideraveram.
683 1491 860 1594 Equidem
886 1518 1097 1598 persuasum
1120 1493 1204 1584 mihi
1223 1493 1341 1570 habeo

189 1645 315 1724 lrorurn
361 1655 659 1727 monumentorum
696 1649 1006 1752 pertractationem
1045 1648 1091 1724 ad
1131 1647 1341 1750 penitiorem

188 1799 408 1904 antiquitatis
437 1825 566 1880 sacrae
596 1804 937 1904 pervestigationem
967 1802 1151 1904 plurimum
1175 1802 1340 1903 prolutu-

189 1981 276 2033 ram.
331 1955 520 2034 Neminem
546 1955 727 2034 literarum
756 1957 906 2058 peritum
938 1956 1052 2034 latere
1083 1962 1222 2057 potest,
1253 1962 1339 2054 quot

189 2067 417 2190 oluscuriores
449 2071 739 2186 Ecclesiastico
766 2071 857 2210 quae
887 2075 1016 2185 dieitur
1041 2107 1339 2206 Arcdoeolopice
1419 2131 1429 2152 2

36 2319 39 2328 .
189 2273 228 2344 et
265 2263 382 2340 Juro
418 2259 602 2340 canonici
641 2265 777 2341 ueteris
817 2263 1045 2364 quaestiones
1085 2261 1131 2337 de
1169 2269 1339 2338 accurata

79 2435 85 2449 ‘
188 2419 313 2497 horum
336 2437 508 2494 canonum
532 2418 779 2520 exploratione
803 2417 919 2494 lueern
943 2441 1043 2492 suam
1071 2423 1252 2517 expetunt.
1377 2454 1380 2460 ·

295 2571 408 2652 Ferit
433 2573 535 2650 Deus
560 2571 606 2650 0.
630 2573 682 2648 Μ.
712 2579 751 2648 ut
775 2597 886 2674 opera
909 2571 1000 2648 haee
1027 2598 1049 2646 a
1074 2571 1234 2646 Bruusro
1260 2593 1337 2646 meo

189 2731 288 2804 tanta
326 2751 407 2804 eum
441 2725 616 2826 religione
650 2735 822 2829 suscepta
850 2725 965 2839 Viris·
985 2727 1088 2806 bonis
1120 2731 1158 2801 et
1186 2721 1335 2800 eruditis
1445 2737 1446 2758 l

188 2905 329 3002 perse
359 2880 474 2982 ipsam
505 2903 548 3000 se
580 2843 937 2980 commendet'atque
968 2888 1007 2956 ut
1038 2878 1084 2954 ad
1109 2875 1334 2976 Theologiae
1364 2865 1386 2900 ”
1444 2967 1445 2974 Ν

189 3033 308 3113 studia
319 3033 436 3112 solide
451 3034 667 3156 instituenda
678 3035 862 3138 plurimum
877 3033 1038 3111 utilitatis
1052 3033 1135 3110 inde
1149 3029 1335 3110 redundet.
1444 2997 1445 3012 ἵ

97 3325 99 3337 .
239 3241 397 3320 Berolini
423 3242 486 3318 ult.
508 3241 543 3317 d.
570 3269 612 3318 m.
638 3242 826 3320 Februarii
849 3237 1218 3319 MDCCCXXXIX.

805 3758 853 3832 A.
879 3749 1187 3832 NEANDER
1214 3751 1284 3824 Dn-
1440 3835 1441 3874 ἐ
