2880 5050
208 273 274 344 380
465 275 707 346 CONCMUM
732 276 1003 346 TOLE'PANUM
1023 279 1111 346 XVI.

208 435 451 514 constitutiones
471 454 627 512 temerare
646 447 902 532 praesumpserit,
924 447 1087 514 detrahere
1107 447 1199 514 nisus
1212 447 1256 528 1)
1274 449 1383 530 fuerit,

209 543 244 600 et
264 533 431 596 miserabili
451 551 531 596 ausu
552 534 601 596 eis
620 535 773 598 contraire
795 535 975 617 tentaverit,
996 533 1301 613 ecclesiasticae2)
1325 555 1384 595 ex·

115 616 117 622 ’
208 619 496 684 communicationis
526 620 683 682 sententia
708 619 834 684 ferietur
863 627 897 682 et
925 637 1026 686 rerum
1055 637 1183 683 suarum
1205 629 1338 702 quarta
1351 619 1382 697 ³]

207 713 297 788 parte
317 703 525 766 mulctabitur.

291 873 328 936 ln
362 873 486 936 nomine
518 869 634 936 domini
659 872 791 936 Flavius
818 873 974 955 gloriosus
1005 873 1109 954 Egica
1135 890 1197 935 rex
1226 871 1377 936 omnibns

208 959 417 1021 sanctissimis
456 959 596 1038 patribus
634 957 666 1020 in
697 959 758 1020 bac
791 967 903 1020 sancta
935 959 1056 1040 synodo
1089 955 1323 1020 residentibus
1336 962 1374 1034 ί).

207 1043 307 1124 Ecce,
328 1043 521 1106 sanctissimi
540 1044 570 1104 in
583 1041 710 1105 Christo
731 1051 838 1122 patres
860 1052 893 1105 et
914 1043 1086 1124 apostolico
1106 1043 1272 1126 dogmate
1297 1041 1376 1104 lide·

207 1127 258 1190 les
278 1129 384 1209 populi
403 1127 571 1190 ducatores
588 1124 623 1210 ⁵)
634 1173 643 1209 ,
666 1128 838 1209 synodicae
859 1129 1096 1211 aggregationis
1116 1136 1259 1189 vestrae
1283 1129 1377 1194 amio-

208 1229 281 1276 nem
317 1214 369 1274 illo
403 1211 587 1276 fiducialiter
619 1213 742 1274 hortatu
779 1215 959 1293 convenio,
992 1231 1053 1294 quo
1087 1213 1285 1294 religiosum
1318 1233 1375 1274 no-

208 1297 259 1360 bis
286 1305 414 1360 vestrae
446 1297 666 1362 sanctitudinis
692 1298 871 1378 praebeatis
893 1297 1094 1382 suffragium,
1121 1297 1373 1378 nostraequell

207 1383 464 1464 promulgationis
504 1384 681 1448 consultum
721 1383 887 1464 ponigatis
918 1383 1091 1444 omnimode
1124 1384 1369 1462 praestolatum.

207 1467 444 1548 Promptissime
470 1470 585 1532 etenim
613 1486 711 1547 saepe
732 1469 888 1550 gloriosae
907 1475 1033 1530 nostrae
1053 1468 1244 1529 serenitatis
1267 1469 1363 1530 fervet

208 1549 337 1616 devotio
363 1571 402 1616 ac
429 1571 526 1634 purae
551 1553 723 1614 voluntatis
751 1553 865 1636 flagrat
890 1551 1096 1614 devotissima
1116 1553 1290 1632 plenitudo
1308 1553 1365 1612 illis

210 1655 282 1700 oum
303 1638 395 1718 plebe
416 1639 490 1699 mihi
517 1638 635 1701 credita
661 1637 827 1700 affectibus
846 1639 973 1718 vivere,
1001 1638 1171 1718 pietatibus
1197 1637 1368 1700 inhaerere

209 1739 250 1785 ac
275 1721 505 1787 misericordiae
532 1724 722 1786 incremento
750 1723 880 1804 regendi
907 1722 1042 1784 studium
1069 1741 1221 1804 servare,
1253 1724 1368 1804 quibus

209 1814 351 1890 tempora
384 1817 491 1870 nostra
522 1808 615 1870 nullis
640 1807 863 1870 adversitatum
890 1809 1026 1869 stimulis
1052 1816 1238 1887 commota,
1271 1808 1367 1868 nullis

208 1894 353 1955 civilibus
377 1893 430 1955 vel
461 1893 599 1956 externis
627 1893 868 1954 excitationibus
893 1891 1074 1974 praepedita
1107 1893 1197 1972 pacis
1233 1911 1365 1952 munere

207 1976 340 2040 floreant
369 1995 408 2040 ac
435 1977 643 2039 miserationis
669 1985 795 2052 nostrae
817 1977 968 2039 beneficio
989 1978 1147 2040 cumulate
1163 1979 1361 2056 persistant:

89 2079 91 2085 ’
207 2069 242 2124 et
259 2079 338 2142 quos
358 2059 487 2124 forsitan
507 2079 625 2143 pravae
646 2061 835 2123 infidelitatis
856 2063 992 2142 implicat
1013 2063 1096 2124 actio
1117 2070 1271 2142 respectu
1294 2063 1363 2125 cle·

207 2147 343 2208 mentina
363 2153 506 2225 nostrae,
535 2145 633 2207 silas
655 2153 722 2226 est,
747 2147 876 2226 pietatis
897 2149 1076 2210 releventur
1095 2167 1136 2208 ex
1156 2147 1306 2228 brachio,
1329 2156 1362 2208 ut

208 2229 366 2314 parcendo
387 2229 446 2290 illis
469 2247 634 2310 supernam
655 2229 730 2292 milri
750 2231 948 2296 clementiam
968 2233 1119 2295 fautorem
1139 2230 1295 2313 efficiam,
1328 2241 1360 2293 et

105 2317 113 2337 ⁸
208 2323 314 2380 status
335 2315 441 2400 gentis
461 2333 553 2378 meae
572 2333 611 2378 ac
631 2317 750 2397 patriae
769 2315 862 2379 nullis
882 2318 1024 2399 amplius,
1040 2317 1122 2400 qnod
1136 2317 1229 2397 absit,
1250 2319 1359 2380 ruinae

206 2401 348 2484 lapsibus
380 2401 534 2464 concidat.
595 2401 663 2464 Sed
689 2410 839 2482 quantum
867 2404 1025 2484 culparum
1054 2421 1167 2466 noxam
1195 2405 1359 2466 remittere

205 2505 423 2570 procuramnS,
444 2495 565 2549 tantum
586 2487 814 2569 profanatorum
834 2489 1046 2570 transgressio
1066 2489 1203 2568 molitur,
1225 2496 1262 2550 et
1284 2507 1359 2550 cre-

206 2573 271 2636 bris
291 2571 440 2655 perfidiae
461 2573 589 2635 ausibus
608 2571 793 2654 praepedita
812 2573 975 2634 subruitur.
1022 2573 1113 2636 Unde
1133 2573 1162 2634 si
1181 2571 1284 2652 culpis
1306 2574 1359 2634 in-

207 2657 414 2740 dulgentiam,
441 2659 470 2718 si
491 2656 646 2738 condigna
661 2658 758 2718 'factis
777 2657 956 2740 restituam,
979 2676 1097 2738 anceps
1118 2665 1247 2720 nostrae
1266 2666 1358 2720 tran·

114 2778 117 2784 ·
206 2743 367 2824 quillitatis
392 2743 512 2804 animus
538 2749 663 2804 aestuat
687 2743 718 2802 in
740 2762 778 2804 eo
800 2740 883 2824 quod
902 2744 1082 2824 plerumque
1102 2745 1173 2824 ipsa
1193 2743 1356 2823 culparum

205 2829 348 2890 remissio
366 2826 619 2890 increbrescente
634 2824 668 2904 a)
688 2828 827 2908 nequitia
846 2829 879 2888 in
899 2829 1083 2890 contrarium
1104 2828 1255 2910 vertitur,
1284 2847 1354 2894 cunr

206 2929 267 2974 nec
295 2908 525 2973 tandem‘vitia
550 2912 769 2993 reprimuntur,
799 2931 886 2994 quac·
902 2913 985 2974 facili
1006 2911 1231 2976 emendationis
1253 2931 1354 2976 cona-

206 2997 289 3058 mine
310 2995 438 3077 perduci
459 2995 500 3058 ad
521 2997 683 3057 terminum
705 2997 885 3060 debuerunt.
904 2999 969 3078 Ipsi
990 3007 1095 3060 antem
1111 2999 1143 3060 in
1161 2997 1224 3060 boc·
1241 3008 1353 3062 sancto

207 3081 338 3146 concilio
360 3080 476 3162 liquido
493 3079 526 3158 8)
552 3079 772 3162 perpendatis,
798 3080 1010 3164 jamjamque
1038 3092 1134 3146 antea
1157 3083 1355 3164 plurimorum

206 3183 303 3229 casus
328 3167 429 3227 relatu
456 3165 601 3246 opinabili
626 3161 798 3246 didicistis,
828 3166 940 3247 quibus
959 3167 1146 3249 perfidorum
1166 3169 1352 3250 quantisque

205 3253 395 3313 aemulorum
421 3249 563 3314 nefandis
590 3252 754 3314 conatibus
774 3251 969 3334 deceptionis
989 3273 1079 3315 meae
1103 3253 1242 3335 quotidie
1262 3255 1351 3315 exci-

206 3335 289 3400 dium
317 3339 467 3417 sentiam,
490 3335 544 3396 vel
571 3346 688 3418 quanta
712 3339 832 3418 patriae
857 3338 970 3399 fuerint
996 3335 1168 3402 insolenter
1193 3339 1349 3400 conturbia

208 3419 357 3484 excitata.
399 3419 536 3498 Quorum
557 3421 692 3503 denique
712 3421 950 3505 sceleratorum,
979 3424 1032 3503 qui
1060 3432 1094 3486 et
1120 3426 1153 3486 in
1177 3423 1345 3503 praeteritis

207 3514 241 3570 et
268 3524 351 3568 nunc
377 3505 551 3585 perfidasse
580 3506 700 3568 detecti
725 3516 800 3568 sunt
812 3553 822 3588 ,
849 3507 1118 3587 praevaricatione
1144 3509 1345 3588 compellimur

205 3598 319 3656 coetus
338 3590 439 3650 vestri
459 3590 695 3652 universitatem
706 3589 741 3669 ⁹)
762 3593 940 3676 consulere,
961 3601 997 3654 ut
1018 3593 1092 3674 quid
1108 3593 1162 3672 ¹⁰)
1183 3593 1224 3654 de
1245 3593 1346 3654 talium

205 3675 394 3738 excessibus
414 3671 518 3756 quiin
539 3677 715 3754 praeteritis
730 3677 783 3738 vel
798 3696 881 3740 nunc
902 3697 1003 3758 usque
1023 3679 1162 3750 mihimet
1182 3675 1346 3758 deliquisse

204 3761 377 3824 noscuntur
410 3777 507 3842 agere
540 3761 741 3822 serenitatem
769 3771 906 3824 nostram
933 3765 1117 3847 conveniat,
1146 3771 1247 3826 utrum
1273 3781 1347 3826 con-

206 3845 313 3928 dignis
339 3845 507 3907 sententiis
533 3847 685 3908 canonice
707 3865 747 3908 ac
765 3845 909 3930 legaliter
928 3847 1076 3914 feriantur
1088 3894 1098 3930 ,
1128 3868 1169 3910 an
1193 3848 1345 3928 parcendo

204 3930 266 3992 illis
294 3949 444 3992 noxarum
472 3927 578 3991 debita
598 3931 748 4010 impunita
767 3929 1180 4013 serventur,'saluberrima
1198 3933 1346 3994 unanimi-

204 4014 283 4078 tatis
294 4017 305 4053 ¹
316 4013 349 4093 ¹)
364 4023 492 4076 vestrae
507 4015 755 4098 promulgatione
771 4018 923 4080 attentius
939 4017 1134 4100 decernatur,
1153 4019 1205 4080 illa
1225 4027 1345 4082 nostrae

204 4097 324 4189 gloriae
352 4098 405 4160 vel
432 4115 653 4163 successorum
683 4109 856 4164 nostrornm
887 4102 1059 4188 principum
1090 4105 1217 4168 licentia
1250 4103 1346 4166 modis

205 4222 404 4242 m

240 4283 269 4354 Ι)
286 4284 355 4336 aaa
377 4281 416 4334 Μ.
461 4311 497 4323 -
550 4283 579 4352 ²)
597 4283 782 4336 ecclesiastieae
806 4284 881 4338 deest
898 4277 939 4354 ap.
957 4285 995 4338 Μ.
1042 4315 1077 4326 -
1130 4287 1159 4354 ³)
1176 4288 1263 4354 qaiata
1278 4287 1343 4340 lat.

274 4353 308 4406 Τ.
325 4353 349 4404 1.
368 4353 408 4404 2..
433 4356 460 4404 et
475 4353 512 4406 M.
559 4383 595 4393 -
645 4351 674 4417 ⁴)
693 4355 743 4405 Est
765 4352 831 4418 baec
853 4355 967 4424 epistola
989 4355 1017 4407 in
1039 4353 1130 4412 codice
1148 4355 1260 4410 Lunensi
1278 4357 1342 4410 etin

167 4483 171 4486 ,
272 4427 385 4490 utroque
403 4420 552 4486 Toletano3
575 4423 606 4479 in
626 4421 685 4474 aliis
710 4423 791 4475 deest
832 4423 964 4478 Existimo
981 4423 1111 4480 redditam
1128 4431 1190 4488 acte
1208 4424 1343 4494 depositio-

186 4541 190 4554 ,
266 4486 471 4544 nem'Sisberti.
499 4491 618 4545 Menai·
649 4519 685 4530 -
722 4491 751 4559 ὅ)
765 4493 882 4546 delatores
898 4495 935 4547 M.
972 4520 1008 4534 ·-·
1048 4494 1077 4562 ⁶)
1094 4505 1240 4564 uestraeque
1254 4496 1289 4548 M.
1309 4524 1341 4536 -

239 4563 252 4602 t
287 4561 463 4612 mmebescoatl
480 4561 518 4614 Μ.
553 4591 589 4601 -
635 4559 664 4627 ⁸)
681 4562 775 4627 liquide
790 4563 828 4614 M.
863 4592 898 4602 -
919 4599 923 4610 .
944 4562 973 4630 ο)
992 4566 1019 4615 ia
1037 4565 1228 4620 raotamitatem
1243 4564 1276 4617 M.
1308 4593 1340 4606 -

154 4663 166 4672 ,
219 4637 254 4678 ιο
288 4637 315 4685 rat
332 4631 398 4698 qaod
414 4631 451 4684 M.
486 4659 521 4671 -—
563 4627 795 4696 trulmanna
812 4631 843 4687 tl.
861 4633 887 4686 4.
905 4631 1016 4686 Ἕ.1.2.
1050 4663 1085 4675 -
