2916 5050
339 313 534 396 suarum
555 313 776 382 accessisti
798 317 988 408 laurona
1176 314 1238 380 1⁵1

85 492 258 570 ohnoxiae,
288 496 405 570 quanto
430 485 535 571 magis
560 487 692 569 misae,
721 506 804 573 quae
828 489 1064 572 religiositatem
1091 495 1239 549 mutave·

87 585 161 642 runt
176 575 226 657 ¹),
246 571 537 638 crimine-adulterii
555 574 759 658 orabuntur,
779 575 808 637 si
829 569 1042 654 devotionem,
1063 589 1156 656 quam
1178 571 1238 634 deo

88 670 204 744 sponte
227 675 297 722 uon
324 666 457 724 coactae
471 657 506 738 ¹)
536 658 729 741 obtulerunt,
759 657 928 722 libidinosa
956 655 1147 738 conuperint
1176 675 1239 718 vo-

88 751 210 829 luptate
237 753 333 826 atque
363 742 404 806 ad
430 739 588 807 secundas
614 745 739 826 nuptias
765 745 928 810 transitum
954 738 1111 808 fecerint?
1149 739 1239 820 Quae
1268 769 1274 777 ·

89 835 152 896 etsi
172 830 323 908 violentia
348 828 485 890 irruente
511 830 550 892 ab
578 829 682 911 aliquo
701 838 890 912 praereptae
909 830 1039 911 fuerint,
1068 847 1108 891 ac
1125 834 1241 909 postea

89 917 300 982 delectatione
327 915 430 976 earnis
458 922 554 996 atque
567 913 602 994 θ)
631 915 764 978 libidinis
790 933 971 998 permanere
989 915 1023 976 iu
1044 912 1190 996 conjugio
1203 910 1240 991 ⁸)
1339 951 1345 960 s

90 1004 207 1084 raptori
219 1001 274 1062 vel
287 999 426 1061 violento
441 1000 509 1061 viro
530 1002 756 1085 consenserint,
770 997 964 1066 damnationi
986 1001 1129 1082 superius
1149 1012 1240 1061 coru·
1315 1053 1323 1064 .

91 1089 268 1170 prehensas
300 1083 486 1148 terrebuntur
505 1083 539 1164 ³)
582 1086 745 1150 obnoxiae.
815 1087 871 1150 De'
894 1081 1009 1148 talibus
1039 1085 1083 1146 ait
1109 1083 1241 1166 aposto·
1337 1095 1340 1106 ¹

88 1176 161 1236 lus:
198 1173 280 1234 Duru
294 1169 329 1256 θ)
349 1171 522 1232 luxuriatae
543 1169 671 1252 luerint,
696 1172 812 1233 nubere
832 1171 958 1252 volunt,
975 1170 1130 1236 habentes
1151 1167 1258 1232 (lam-.

90 1260 258 1340 nationem,
278 1256 351 1340 quia
366 1255 498 1338 prhuarn
517 1254 611 1318 iidem
632 1257 746 1319 irritam
763 1257 907 1321 fecerunt
918 1255 961 1336 ¹).

458 1454 461 1458 .
607 1390 679 1458 CV.
692 1393 726 1473 ⁸)
1059 1431 1069 1454 ι

179 1479 228 1542 De
254 1475 518 1557 contemptoubus
541 1476 698 1544 eeclesiae
716 1496 828 1542 revera
847 1478 1001 1541 invertitur
1021 1495 1063 1538 ex
1086 1474 1243 1538 Christia-

92 1567 145 1629 nis
164 1564 231 1626 fieri
255 1559 475 1628 schismaticos
502 1564 682 1646 plenrmque
708 1564 946 1643 irrationabiles,
975 1562 1087 1642 quibus
1112 1577 1154 1622 ex
1181 1558 1241 1636 his,

93 1651 170 1714 duur
200 1657 236 1710 ut
264 1647 409 1712 catholici
437 1646 625 1730 aedificant„
657 1650 700 1712 illi
728 1658 766 1711 ut
794 1647 943 1712 haeretici
972 1647 1134 1726 destruere
1162 1643 1242 1706 iusi-

95 1742 202 1816 stunt3
223 1741 257 1796 et
276 1731 328 1794 alii
348 1733 502 1796 eeclesias
520 1733 635 1798 domiui
659 1734 743 1796 fideli
764 1733 932 1796 devotione
948 1751 988 1795 ao
1002 1731 1242 1810 compunctione

93 1818 325 1903 promptissima
344 1819 529 1899 subornare,
557 1818 670 1882 olii·de
691 1819 741 1882 his
762 1819 949 1882 seditionum
968 1815 1162 1880 institutione
1182 1811 1242 1876 de·

93 1907 206 1971 cresci.
247 1903 306 1965 De·
324 1903 375 1966 his
404 1911 490 1966 recte
504 1905 654 1986 loquitur
678 1925 734 1986 per
752 1905 895 1986 spiritum
913 1903 1076 1986 prophetia
1089 1899 1141 1980 ⁹):
1175 1899 1242 1961 Bo·

94 1989 230 2072 nedicti,
257 1986 310 2070 qui
336 1987 504 2052 aedificant
529 1997 563 2058 to
589 1990 621 2052 iu
641 1999 802 2053 aeternum
829 1998 863 2052 et
889 1987 1161 2066 maledictisuut,
1188 1985 1242 2065 qui

93 2077 258 2140 destruunt
278 2091 384 2136 muros
400 2082 477 2136 tuos
489 2077 542 2138 vel
560 2084 650 2138 eerte
666 2077 719 2157 qui
733 2077 919 2140 subvertunt
932 2073 1139 2154 habitationes
1160 2078 1243 2148 tuas,
1260 2079 1265 2094 '

93 2163 148 2224 vel
168 2179 251 2225 nunc
270 2160 376 2224 conati
396 2168 471 2222 sunt
490 2162 585 2224 minui
604 2170 718 2226 sancta
736 2170 811 2242 trra3
843 2169 878 2222 tu
898 2167 1032 2239 autem„
1048 2158 1162 2222 domus
1181 2153 1256 2233 (lei,

94 2250 213 2310 laetare
236 2263 308 2308 eum
327 2244 399 2306 liliis
415 2243 578 2324 justorum.
619 2247 664 2310 Et
683 2247 723 2310 ab
744 2248 805 2310 hac
825 2246 1018 2309 institutione
1039 2241 1153 2306 domiui
1172 2239 1257 2320 pla·-

95 2333 163 2396 'cuit
189 2331 330 2392 omuibus
357 2331 498 2410 patribus
525 2351 582 2412 por
600 2333 791 2414 provinciam
806 2331 1013 2414 *Carthaginis
1039 2326 1244 2392 consistenti-

97 2420 175 2497 bus,
203 2423 239 2478 ut
264 2415 293 2477 si
317 2415 388 2496 quis
409 2417 542 2480 clericus
561 2419 615 2481 vel
635 2420 735 2482 laicus
754 2436 792 2482 se
813 2419 987 2481 elevaverit
1006 2411 1244 2478 contraeocle-

96 2504 179 2566 siam
199 2501 265 2580 bei,
291 2499 478 2564 seditionum
507 2503 665 2572 seminans
689 2503 877 2582 schismata,
905 2511 939 2580 et
965 2520 1028 2564 non
1055 2499 1096 2562 orl
1121 2498 1244 2561 culmen

97 2589 239 2654 caritatis
267 2582 337 2666 ejus
364 2588 524 2650 conaverit
550 2589 683 2669 attendi,
717 2589 775 2652 sed
802 2587 1002 2650 fundamenta
1032 2583 1101 2665 ejus
1131 2583 1244 2646 volens

95 2673 219 2754 subrui,
250 2689 331 2752 quae
360 2679 413 2732 est
435 2673 589 2738 stabilitas
616 2675 750 2736 omnium
769 2673 1031 2750 christianorum,
1061 2667 1251 2732 siclericus.

97 2759 202 2840 fuerit,
230 2755 326 2819 cadat
351 2756 391 2818 de
418 2760 539 2838 proprio
564 2759 680 2844 gradu,
707 2761 735 2822 si
763 2761 877 2840 laicus,
905 2763 1097 2842 segregatus
1124 2753 1163 2816 ab
1184 2771 1243 2814 ec-

96 2845 196 2908 clesia
216 2841 273 2931 dei
304 2860 397 2926 quam
425 2845 547 2926 sprevit
562 2844 616 2924 ¹⁰)
650 2852 684 2906 et
703 2863 731 2908 a
751 2845 1027 2926 conventu-totius
1046 2839 1244 2908 christinae

95 2926 275 3014 religionis,
300 2948 321 2990 a
341 2935 454 2990 sancta
473 2931 688 2992 communione
708 2939 834 3004 maneat
853 2933 1012 2995 exclusus.

182 3033 329 3110 Aurelius
349 3036 517 3128 ‘episeopus
539 3045 799 3133 carthaginensis
821 3051 977 3114 ecclesiae
995 3045 1177 3126 subscripsi.
1255 3117 1261 3130 ¹

180 3165 375 3228 Donatiauus
397 3164 628 3230 'l'olahrioensis
649 3169 765 3248 primae
787 3161 874 3231 sedis
889 3167 944 3247 ¹¹)
963 3165 1144 3245 subscripsi.
1175 3163 1263 3226 Au-.

97 3252 245 3336 gostinus
272 3251 437 3331 Hipponae
462 3250 636 3336 Regiensis
650 3249 704 3334 Η)
733 3255 913 3336 subscripsi.
963 3252 1111 3318 Similiter
1137 3263 1247 3310 omues

98 3334 240 3420 episcopi
258 3335 511 3424 subscripserput
525 3333 588 3417 ¹³).

98 3531 298 3556 annuatis-h-

140 3643 258 3762 ¹11,le
278 3642 326 3691 deo
348 3641 542 3750 reslipiosilotroo
562 3654 681 3765 uoogruut
706 3647 769 3728 ibid.
805 3671 849 3726 a...
893 3643 922 3710 t)
940 3649 1186 3762 prorumpensium
1202 3640 1257 3735 'rico'

171 3727 251 3832 'ab
277 3737 316 3821 ῑῐ
347 3711 703 3848 sitta
719 3717 1011 3851 attunt...
1027 3712 1252 3845 latratu

171 3852 239 3902 evim
256 3851 311 3903 tou.
328 3857 375 3901 otc.
393 3851 425 3902 0·
442 3853 477 3903 H·
512 3883 545 3892 —
598 3855 679 3920 ator
698 3856 796 3906 liin.
812 3855 843 3916 5,
862 3853 905 3903 ιι.
945 3881 981 3890 -
1034 3851 1064 3918 a)
1084 3850 1126 3914 ron
1148 3851 1252 3899 retorto

172 3921 263 3973 codiee
281 3937 329 3974 rus.
349 3921 498 3986 Urgellerrsi
518 3923 587 3976 huno
604 3939 730 3976 canoncrn
747 3925 788 3978 St.
802 3921 928 3976 Baluzius
946 3918 1037 3972 edidit.
1070 3919 1154 3972 Deest
1174 3917 1203 3969 io
1221 3915 1254 3968 C.

173 3980 455 4059 ll.praoterU.'G.-—
481 3991 998 4062 ⁹)porsp.rooctunrpropbeto(l.ll.-
1013 3987 1252 4053 lobiam-17.
1346 3993 1348 3996 ·

138 4063 188 4126 ¹⁰)
205 4063 302 4126 'lim
319 4061 413 4123 (2132
433 4091 469 4100 -
502 4063 556 4130 ἰι)
577 4065 733 4129 Teloptansir
748 4067 849 4132 primos
865 4063 934 4114 stolis
950 4063 1081 4130 episcopos
1098 4060 1130 4112 C.
1148 4059 1183 4110 Η.
1218 4085 1253 4094 -

137 4132 187 4197 ¹²)
199 4128 335 4198 Hipponoo
344 4132 467 4197 Rapionis
477 4133 609 4200 episcopias
620 4133 651 4185 C.
660 4133 694 4184 ll.
708 4140 813 4204 praetor
825 4133 858 4185 Τ.
866 4135 908 4184 2:
922 4130 1057 4198 liippouoe
1068 4127 1253 4198 capiceriam:

173 4203 309 4270 Hipponoo
319 4202 415 4269 rapior„
433 4229 468 4240 -
485 4203 534 4270 ιὃ)
547 4203 749 4271 susbscripserunt
760 4205 837 4257 simol
851 4203 906 4255 elam
919 4201 958 4254 lis
970 4199 1134 4253 OGGGXW.
1147 4195 1254 4250 couti

543 4506 835 4528 mm
