2916 5050
378 173 381 182 ’
419 220 640 294 coucurou
661 220 923 292 sraomrorea
1227 224 1272 294 oa

19 375 20 448 ἶ
116 394 183 481 pedi
209 391 430 476 convenerint,
445 392 607 493 ,episcopi
634 392 760 470 vicinae
785 393 966 476 provinciae
992 389 1109 460 dolrem
1122 391 1159 476 ¹)
1184 395 1270 463 illum
1376 447 1377 454 ι

18 509 19 514 “
116 485 204 565 prius
218 480 387 557 convenire
402 498 594 562 episcopum,
616 482 669 567 qui
684 480 715 543 iu
729 497 768 544 ea
778 481 939 560 provincia
949 485 1095 564 morttur,
1107 491 1142 544 at
1157 491 1269 546 osten·

18 595 19 602 ¹
118 570 203 648 dere,
225 565 310 648 quod
330 565 437 645 populi
456 573 567 646 petant
592 564 654 628 sibi
672 573 825 631 rectorem
846 575 881 628 et
899 567 961 630 hoe
976 565 1097 646 justum
1117 586 1207 650 esse,
1233 576 1270 632 ut

118 663 152 716 et
179 653 241 732 ipsi
263 651 393 723 veniant
411 649 460 734 1),
497 658 531 712 et
557 667 629 714 cum
655 651 725 729 ipso
747 651 890 715 ordinent
908 651 1106 734 episcopum3
1134 653 1270 734 quodsi

17 789 18 802 ,
117 742 295 802 conventus
315 735 413 798 literis
433 736 567 798 tacuerit
593 743 626 797 et
647 735 888 806 dissimulaverit
907 738 1044 820 nihilque
1065 739 1270 822 rescripserit,

116 819 374 886 satisfaciendum
396 839 471 882 esse
492 821 631 901 populis,
659 827 695 882 ut
709 819 744 900 ³)
765 823 895 887 veniant
922 842 966 888 ex
985 824 1091 892 vicina
1109 823 1271 908 provincia

115 907 260 991 episcopi
280 912 315 970 ot
334 904 477 972 ordinent
496 907 706 990 episcopum„
763 995 767 1008 Ι
814 946 819 958 »

203 1280 349 1346 Licentia
368 1295 445 1341 vero
472 1277 574 1341 danda
599 1299 662 1342 non
690 1287 741 1342 est
766 1275 927 1340 ordinandi
955 1277 1136 1360 episcopum
1163 1281 1271 1347 autin

116 1372 192 1434 vico
216 1369 319 1448 aliquo
341 1373 395 1426 aut
416 1365 446 1424 in
467 1363 592 1426 modica
612 1367 758 1447 civitate,
781 1366 832 1426 cui
853 1364 970 1425 sufficit
989 1381 1071 1426 unns
1094 1367 1269 1451 presbyter,

117 1457 193 1539 quia
219 1471 281 1514 non
311 1459 363 1512 est
389 1467 526 1511 necesse
551 1450 593 1510 ibi
623 1451 806 1530 episcopum
831 1448 913 1532 lieri,
940 1467 981 1510 ne
1001 1449 1137 1510 vilescat
1155 1469 1270 1515 nomen

116 1538 260 1622 episcopi
281 1543 315 1598 et
335 1536 505 1596 auctoritas
519 1533 563 1612 ⁴).
605 1535 679 1596 Nou
700 1534 815 1595 debent
834 1535 877 1594 illi
899 1549 940 1594 ex
961 1533 1022 1594 alia
1040 1535 1201 1613 provincia
1218 1537 1271 1597 in·-

118 1625 212 1688 vitati
224 1623 327 1684 lacere
344 1621 536 1700 episcopum,
558 1619 619 1678 nisi
641 1628 695 1682 aut
716 1620 747 1679 iu
768 1620 818 1679 his
840 1619 1029 1701 civitatibus,
1046 1635 1126 1699 quae
1138 1621 1270 1700 episco-

119 1728 183 1792 pos
201 1709 381 1786 habuerunt,
403 1711 459 1766 aut
479 1704 507 1764 si
529 1721 591 1783 que
612 1704 684 1764 talis
705 1711 836 1766 nuttam
855 1705 1008 1784 populosa
1024 1712 1076 1765 est
1096 1705 1209 1768 civitas
1224 1703 1259 1788 ⁵)

119 1814 202 1876 quae
232 1799 388 1854 mercatur
413 1789 529 1851 habero
565 1789 757 1871 episcopum.
810 1787 849 1855 Si
877 1788 940 1853 hoo
966 1789 1108 1854 omnibus
1139 1791 1245 1872 placet

117 1878 269 1966 Synodus
287 1873 463 1960 respondit:
487 1863 599 1938 Placet
614 1871 658 1955 ο).

112 2264 114 2272 ’
202 2257 300 2324 Osius
321 2253 490 2339 episcopus
512 2253 606 2319 dixit:
635 2255 759 2320 Placuit
780 2261 895 2338 auum,
915 2259 953 2318 nt
972 2253 1001 2318 si
1020 2255 1189 2340 episcopus
1210 2275 1270 2341 ap·

119 2354 248 2412 cusatus
262 2345 354 2408 fuerit
366 2352 399 2404 ct
408 2339 618 2422 judicaverint
630 2342 815 2424 congregati
827 2341 967 2422 episcopi
977 2344 1115 2424 regionis
1124 2345 1224 2424 ipsius
1234 2343 1268 2424 ⁷]

121 2442 154 2495 et
166 2433 205 2494 de
218 2429 319 2514 gradu
334 2446 392 2490 suo
410 2445 480 2490 eum
497 2425 677 2510 dejecerint,
689 2429 718 2490 si
731 2425 935 2507 appellaverit
948 2428 1001 2506 qui
1016 2427 1222 2508 dejectusest
1233 2429 1268 2510 ⁸)

118 2527 151 2580 et
172 2515 348 2597 confugerit
368 2511 409 2575 ad
429 2511 612 2592 episcopum
622 2511 656 2590 ⁹)
677 2511 839 2573 Romanae
857 2511 1013 2574 ecclesiae
1030 2521 1064 2572 et
1075 2515 1209 2576 voluerit
1229 2533 1268 2578 so

117 2603 230 2666 audiri:
257 2601 286 2662 si
303 2598 423 2679 justum
442 2597 619 2678 putaverit,
639 2604 676 2656 ut
696 2604 863 2658 renovetur
879 2594 1029 2676 judicium
1049 2595 1120 2676 (vel
1140 2597 1269 2670 discus-

116 2688 215 2752 sionis
237 2681 387 2762 examen)
404 2681 477 2764 10),
499 2681 636 2746 scribere
657 2680 707 2744 his
726 2681 884 2762 episcopis
906 2677 1050 2762 dignetur
1064 2679 1135 2764 ¹1),
1162 2684 1268 2764 quiin

115 2772 247 2836 finitima
277 2778 311 2831 et
335 2767 507 2850 propinqua
548 2766 797 2848 rovincia'sunt,
827 2774 863 2826 ut
890 2765 952 2846 ipsi
979 2764 1144 2849 diligenter
1164 2769 1268 2832 omnia

113 2851 274 2940 requirant
287 2851 342 2934 ¹²)
363 2862 396 2916 et
407 2851 500 2933 juxta
521 2786 616 2914 duem
636 2852 780 2914 veritatis
797 2847 953 2928 definiant
995 2849 1089 2930 Quod
1107 2853 1136 2915 si
1154 2853 1193 2936 is,
1214 2855 1269 2936 qui

113 2950 211 3026 rogat
232 2957 359 3002 causam
379 2956 469 3000 suam
490 2937 600 3000 iterum
618 2936 725 3019 audiri,
747 2935 966 3022 deprecatione
987 2955 1046 2998 sua
1065 2941 1198 3001 moverit
1211 2937 1267 3020 ¹³)

115 3030 302 3108 episcopum
312 3021 493 3104 Romanum,
514 3031 549 3084 ut
570 3021 680 3102 de14)
699 3023 798 3084 latere
819 3041 877 3084 suo
887 3023 1103 3105 presbyterum
1117 3023 1171 3103 ¹⁵)
1192 3025 1268 3087 mit-
1366 3014 1371 3028 '

116 3120 184 3191 tat,
215 3107 273 3170 erit
289 3109 321 3170 ‘in
341 3115 501 3190 potestate
522 3108 678 3190 episcopi,
706 3107 780 3188 quid
799 3107 878 3169 velit
894 3115 927 3169 et
948 3107 1022 3188 quid
1041 3109 1202 3193 aestimet3
1233 3117 1268 3173 et
1350 3158 1353 3164 s

115 3197 147 3260 si
168 3195 343 3258 decreverit
362 3193 532 3256 mittendos
554 3212 639 3274 esse,
662 3194 715 3274 qui
734 3200 920 3274 praesentes
941 3210 1013 3254 cum
1034 3194 1193 3274 episcopis
1210 3193 1267 3276 ju-

115 3279 236 3363 dicent,
268 3279 422 3343 habentcs
452 3277 522 3360 ejus
556 3275 845 3357 auctoritatem1⁶)
872 3294 892 3342 a
920 3293 982 3360 quo
1009 3275 1158 3342 destinati
1182 3289 1288 3366 sunt,

152 3550 181 3618 ι)
199 3548 331 3616 episcopos
407 3543 497 3600 delere
518 3547 590 3604 Just,
606 3573 647 3586 -ι
674 3544 759 3598 Codd.
782 3545 858 3615 Hisp.
880 3549 988 3615 praeter
1003 3547 1050 3600 U.:
1079 3549 1269 3616 epiecopusot-

183 3619 257 3668 cinae
273 3618 419 3684 prooe'ooe'oe
435 3617 508 3668 debet
524 3615 571 3668 tile
587 3617 661 3686 prius
678 3617 805 3668 conveniri
824 3617 972 3683 episcopos,
995 3618 1038 3683 qut
1055 3620 1082 3670 ir:
1100 3621 1186 3671 coelem
1202 3637 1266 3688 peo-

183 3689 269 3738 oirrce‘c
284 3695 419 3740 morracio·
435 3694 460 3738 et
477 3687 584 3738 ostendi.
627 3716 664 3726 -
702 3685 732 3752 ²)
750 3687 807 3752 e'pse
822 3687 908 3736 veniat
924 3684 952 3736 in
970 3701 1053 3750 marg.
1068 3685 1164 3752 Mauri,
1183 3696 1211 3743 et
1227 3690 1267 3744 ita

183 3755 277 3808 isidor.
311 3750 358 3796 -'
383 3757 412 3824 ³)
430 3755 641 3828 satisfaciendam
658 3761 696 3806 est
713 3755 816 3822 populis
831 3757 915 3821 aicqrrc
930 3757 1041 3810 verteret.
1078 3757 1144 3810 Cod.
1162 3758 1194 3812 U.
1229 3787 1295 3803 -.

118 3839 121 3848 ⁴
151 3824 181 3894 1)
198 3827 229 3878 In
246 3825 400 3878 collectione
418 3825 528 3879 Isidori:
552 3826 598 3892 sed
614 3827 707 3878 iterator
724 3825 830 3876 licentia
846 3821 992 3890 [ordinandi
1008 3827 1162 3895 episcopam]
1175 3831 1264 3899 ,imita

182 3897 281 3961 passio:
297 3910 348 3946 noo
364 3901 411 3947 est.
446 3897 478 3946 st
496 3897 563 3946 eoin:
578 3894 663 3946 audito
681 3901 726 3944 cot
742 3895 811 3944 eicos
828 3894 923 3960 aliquis
936 3902 981 3946 cot
994 3895 1093 3948 modica
1106 3900 1205 3966 deltis,
1222 3903 1265 3955 cui

184 3966 251 4015 sotis
268 3971 306 4016 eet
323 3979 388 4015 :mets
404 3963 553 4030 presbyter,
577 3965 684 4014 volucrit
701 3962 752 4014 sttt
768 3963 885 4014 ordinari
902 3965 1046 4032 episcopm
1069 3970 1103 4018 ad
1118 3967 1164 4018 loc
1180 3977 1209 4021 tri
1225 3973 1266 4024 ot*-
1367 3967 1368 3978 ¹

128 4085 131 4094 ,
187 4034 266 4084 lescct
282 4049 372 4084 nomer:
389 4035 544 4101 episcopie:
563 4030 794 4100 [sammilloooris]
813 4036 973 4086 auctentica:
996 4037 1160 4088 otendebant.
1194 4071 1243 4084 -.

113 4101 183 4170 ⁸⁵)
200 4104 225 4154 st
241 4113 292 4170 qtto
312 4111 367 4154 toro
383 4105 508 4170 populoru
530 4111 569 4154 erl
590 4105 682 4156 ce'oitos
702 4104 742 4153 cel
758 4104 828 4154 loeas
844 4105 895 4170 qut.
922 4103 991 4155 isid·
1017 4129 1054 4143 --
1093 4106 1266 4173 ⁰)‚Neander

182 4174 241 4224 lc.
259 4174 309 4225 rol
322 4174 356 4237 Il,
375 4190 401 4240 p.
416 4175 468 4227 226
485 4176 574 4226 noti.
609 4172 763 4226 Rheinwald
781 4175 799 4225 1.
817 4188 839 4224 c.
857 4173 930 4242 pes
947 4174 1047 4226 noto:
1075 4201 1111 4214 -
1146 4175 1174 4244 1)
1192 4181 1265 4232 illios

161 4299 167 4307 ¹
200 4241 304 4308 leriqn'e
322 4242 485 4310 codd..Hisp.
507 4270 544 4282 -
579 4241 802 4308 ⁸)otdetor1sid.
824 4270 860 4282 ·—
896 4242 924 4310 ⁹)
943 4242 1116 4296 beatissimum
1132 4247 1265 4302 add.lsid.

149 4258 200 4378 10)
215 4318 349 4362 serenetur
366 4327 473 4364 ancorae
492 4312 558 4364 Cod.
576 4313 642 4364 Luc.
660 4319 686 4364 et
702 4313 777 4377 lust,
794 4329 844 4365 nec
860 4327 914 4363 non
930 4311 991 4364 Isid.
1025 4338 1063 4350 ·-
1099 4317 1149 4384 11)
1167 4321 1265 4385 episco-

182 4396 230 4446 pos
246 4384 378 4432 Romanus
395 4380 527 4434 add.lsid.
544 4407 581 4419 ·-
614 4381 662 4449 1²)
681 4384 817 4450 acquiereret
834 4382 1064 4445 renuntianti.
1080 4410 1117 4422 -
1149 4388 1199 4454 1³)
1217 4405 1265 4440 ιιιι-

182 4449 235 4500 diei
249 4451 358 4502 colomit
368 4451 562 4503 etcdmouoert't
580 4450 645 4502 Cod.
655 4451 688 4504 U.
714 4481 750 4492 -
783 4451 832 4520 14)
851 4467 864 4502 e
882 4453 962 4502 latere
978 4451 1044 4508 Just.
1054 4458 1082 4506 ct
1092 4454 1263 4526 cnudflup.

147 4517 196 4584 ¹⁸)
213 4519 385 4586 presbesteeem
402 4520 469 4572 Cod.
480 4516 526 4571 AE:
544 4521 613 4584 BR„
631 4519 659 4574 in
672 4519 768 4574 ceteris
785 4521 955 4586 presbyteros.
979 4547 1016 4562 —-
1048 4523 1097 4588 ¹⁶)
1115 4531 1144 4575 ol
1155 4523 1263 4579 luteast

144 4637 147 4642 .
181 4589 261 4642 ιιιίιιιι
274 4591 454 4644 auctoritatem
472 4588 517 4660 [al.
534 4589 695 4660 potestatem]
714 4606 838 4657 pesonae
851 4591 923 4642 illius
940 4606 958 4641 c
969 4607 1017 4658 ouo
1034 4589 1094 4643 lsid.
1129 4620 1165 4634 -
