2880 5050
329 293 571 362 CONOILIUM
592 293 863 366 votuseuum
879 297 968 362 ΧΠ
1161 295 1226 402 877

70 461 286 531 acclamamus
306 464 469 530 dicentes:
501 464 697 548 Quicumque
721 465 832 532 amodo
854 487 896 531 ex
916 465 1007 532 nobis
1027 465 1080 528 vel
1100 469 1225 531 cunctis

70 551 247 629 Hispaniae
268 552 392 635 populis
414 554 553 634 qualibet
572 553 775 615 meditatione
793 553 847 614 vel
868 553 1225 616 studiosamamentum
1273 580 1275 584 ·
1348 590 1352 597 =

72 635 151 696 fidei
176 655 275 717 suae,
306 638 389 717 quod
410 657 465 718 pro
487 639 590 700 salute
610 639 729 718 patriae
747 639 920 720 ,gentisque
941 635 1116 700 Gothorum
1136 646 1225 700 statu

73 721 130 780 vel
150 721 365 783 incolumitate
385 724 494 805 regiae
517 724 689 804 potestatis
709 724 866 804 pollicitus
886 730 956 803 est,
983 723 1225 786 violaverit'aut

73 805 172 867 toties
206 806 325 867 dictum
356 809 526 888 principem
558 817 697 870 nostrum
722 809 775 868 vel
802 809 1035 888 subsequentes
1067 809 1225 889 principes

72 909 156 952 nece
186 899 357 953 attrectare
376 895 511 954 voluerit
536 901 592 954 aut
617 901 778 973 potestate
799 893 888 974 regni
909 911 1024 953 exuere
1045 895 1232 975 tentaverit,

72 984 131 1036 aut
155 979 408 1058 praesumptione
434 979 597 1060 tyrannica
624 978 714 1060 regni
739 978 901 1059 fastigium
923 996 1070 1056 usurpare
1090 978 1225 1062 delege-

73 1061 132 1140 rit,
165 1062 331 1124 anathema
367 1063 410 1124 sit
440 1063 473 1124 in
505 1071 678 1142 conspectu
713 1063 839 1143 spiritus
866 1064 968 1124 sancti
996 1072 1029 1124 et
1055 1071 1227 1146 martyrum.

76 1144 212 1226 christi,
235 1155 331 1228 atque
352 1149 391 1208 ab
413 1148 551 1210 ecclesia
572 1147 727 1209 catholica
749 1165 841 1228 quarn
862 1147 993 1227 perjurio
1015 1149 1225 1226 profanaverit
1306 1198 1308 1202 .

75 1229 231 1293 efficiatur
251 1243 418 1294 extraneus
441 1242 473 1294 et
495 1235 533 1295 ab
556 1233 639 1293 omni
656 1235 870 1293 communione
885 1231 1128 1307 Christianorum
1145 1235 1239 1296 alie-·
1295 1275 1304 1297 0

75 1333 156 1396 nus,
182 1335 284 1396 neque
310 1327 430 1398 partem
456 1317 610 1398 justorum
635 1318 765 1400 habeat,
793 1317 852 1378 sed
874 1336 944 1378 cum
966 1317 1087 1378 diabolo
1110 1327 1144 1380 et
1165 1338 1226 1380 anf·

75 1401 161 1482 gelis
177 1405 180 1409 ’
197 1400 265 1480 ejus
298 1405 435 1464 aeternis
467 1404 629 1484 suppliciis
655 1401 878 1465 condemnetur
905 1422 967 1464 una
994 1421 1066 1464 cum
1094 1405 1142 1478 eis
1172 1404 1225 1484 qui

75 1485 189 1547 eadem
211 1486 423 1566 conjuratione
443 1489 600 1569 nituntur,
620 1495 656 1548 ut
677 1507 733 1569 par
752 1506 855 1567 poena
877 1488 1071 1571 constringat
1091 1505 1171 1572 quos
1192 1489 1224 1550 in

74 1572 333 1651 pernicierprava
352 1575 491 1635 societas
512 1575 647 1654 copulat.
1175 1623 1178 1628 .

162 1657 206 1717 Et
227 1657 297 1718 ideo
319 1659 348 1718 si
367 1659 472 1738 placet
492 1660 647 1738 omnibus,
674 1657 728 1737 qui
748 1654 882 1738 adestis,
910 1657 992 1718 haec
1013 1655 1105 1732 tertio
1126 1656 1226 1718 reite-

77 1747 148 1802 rata
175 1743 350 1823 sententia,
378 1751 507 1804 vestrae
527 1745 618 1805 vocis
640 1761 709 1803 eam
731 1759 888 1806 consensu
909 1743 1038 1803 firmate.
1079 1742 1130 1802 Ab
1152 1743 1226 1808 uui-

76 1826 182 1886 versis
204 1825 255 1886 dei
274 1828 507 1908 sacerdotibus,
533 1827 641 1908 palatii
667 1827 854 1906 senioribus,
882 1828 964 1889 clero
985 1827 1039 1888 vel
1061 1827 1143 1887 omni
1164 1846 1226 1906 po-

76 1911 151 1990 pulo
174 1909 291 1980 dictum
312 1922 379 1988 ests
414 1911 476 1989 Qui
497 1922 606 1975 contra
625 1911 706 1972 hanc
726 1920 866 1973 vestram
887 1911 1097 1974 definitionem
1116 1914 1226 1972 venire
1285 1968 1287 1972 ,

74 1998 333 2077 praesumpserit,
360 1999 404 2060 sit
428 2000 593 2060 anathema
619 1997 821 2076 Maranatha,
850 1997 911 2059 hoc
939 2005 1008 2077 est,
1036 1996 1167 2076 perditio
1194 1997 1226 2057 in

75 2081 216 2143 adventu
238 2081 367 2165 domini,
388 2091 423 2145 ut
445 2103 515 2148 cum
535 2083 621 2152 Juda
641 2073 793 2146 iscarioth
812 2090 934 2162 partem
954 2081 1090 2145 habeant
1112 2089 1146 2144 et
1165 2081 1226 2163 ipsi

75 2173 110 2228 et
133 2167 213 2229 socii
233 2187 347 2230 eorum.
438 2238 456 2246 ..
773 2202 777 2218 ι
898 2201 902 2204 -
1253 2186 1255 2189 ·

268 2264 270 2267 ’
444 2247 474 2275 ‘¹
621 2253 682 2317 XI,

84 2385 87 2390 .
163 2335 277 2399 Ilinitis
304 2338 589 2422 consummatisque
616 2335 758 2400 omnihus
784 2353 866 2416 quae
892 2336 931 2398 ob
952 2333 1147 2416 disciplinam
1167 2353 1225 2398 ec-

77 2418 482 2487 clesiasticamneoessario
497 2426 583 2487 fuere
599 2420 785 2502 definienda,
802 2422 855 2482 vel
875 2421 993 2501 reliqua
1015 2440 1096 2501 quae
1117 2428 1225 2482 nostro

79 2507 186 2566 coetui
203 2509 258 2568 ob
291 2509 494 2572 directionem
520 2511 655 2572 extitere
683 2507 787 2568 delata
799 2551 809 2587 ,
843 2507 1163 2585 omnipotentissimae
1192 2511 1227 2566 et

78 2589 255 2652 indivisibili
274 2595 402 2656 trinitati
422 2595 622 2657 ineffabilium
643 2593 810 2676 gratiarum
827 2588 898 2670 jura
918 2589 1131 2674 dependimus,
1153 2590 1226 2651 lau·

15 2710 21 2715 -
79 2672 152 2735 dum
171 2685 247 2738 vota
267 2681 475 2758 persolvimus
505 2689 539 2741 et
570 2688 638 2741 tota
665 2677 779 2738 mentis
807 2675 980 2736 intentione
1008 2675 1126 2757 gloriae
1154 2673 1225 2754 ejus

76 2757 213 2841 insignia
231 2763 450 2841 praedicamus
469 2784 524 2846 pro
546 2783 584 2825 eo
606 2762 689 2845 quod
709 2779 768 2822 nos
790 2759 858 2840 ejus
876 2760 1080 2840 dispositione
1096 2759 1226 2822 mirabili
1336 2807 1338 2818 ,

76 2863 139 2906 non
167 2847 269 2908 solum
296 2849 337 2910 ad
363 2849 448 2910 hunc
474 2858 605 2912 sanctae
631 2847 885 2928 congregationis
913 2854 1038 2908 coetum
1059 2847 1227 2908 meruimus

79 2929 206 2990 adunari
234 2939 329 3011 atque
359 2935 497 2995 alternae
521 2935 653 2997 visionis
680 2933 793 2992 intuitu
820 2931 1002 3012 confoveri,
1032 2930 1090 2992 sed
1117 2951 1159 2991 ex
1186 2949 1225 2992 se

78 3014 170 3080 nobis
199 3013 303 3077 dicere
332 3019 464 3079 contulit
490 3027 523 3080 et
549 3021 640 3080 inse
661 3016 747 3079 diota
773 3017 959 3096 complevit,
987 3015 1130 3078 obnixius
1157 3015 1226 3094 ejus

80 3099 289 3177 imprecantes
309 3102 521 3184 clementiam,
553 3113 590 3166 ut
611 3105 695 3166 sicut
720 3119 779 3164 nos
808 3101 975 3162 alterutrae
1001 3101 1091 3180 pacis
1117 3101 1230 3162 osculo

79 3182 242 3245 dulcifluos
263 3185 396 3249 reddidit
417 3197 450 3272 et
470 3188 682 3250 definitionum
702 3196 874 3263 nostrarum
901 3186 1066 3265 primordia
1096 3185 1228 3246 lineavit

78 3285 118 3329 ac
139 3274 405 3334 consummatione
425 3272 549 3336 sublimi
568 3270 757 3354 perficiendo
780 3269 937 3332 concludit
952 3269 1000 3350 ¹),
1022 3271 1068 3332 ita
1088 3271 1228 3352 serenis·

77 3353 190 3414 simum
211 3373 250 3416 ac
271 3358 443 3436 piissimum
464 3359 620 3420 dominum
639 3365 778 3420 nostrum
798 3353 974 3436 Egicanem
993 3373 1112 3436 regem,
1136 3352 1228 3433 cujus

75 3435 167 3516 jussu
189 3447 284 3520 atque
304 3443 430 3504 hortatu
449 3443 502 3504 hic
523 3443 650 3506 adunati
669 3459 800 3522 sumna,
829 3439 1009 3502 salutiferae
1037 3439 1228 3501 defensionis

79 3521 191 3602 clypeo
219 3533 366 3608 protegat
377 3573 387 3609 ,
422 3527 540 3588 vexillo
567 3527 641 3590 fidei
667 3523 805 3606 muniat,
840 3533 934 3604 atque
966 3533 1164 3606 cumgente
1193 3532 1227 3585 et

79 3604 177 3684 patria
198 3609 257 3669 sibi
278 3611 396 3674 credita
417 3613 578 3692 perviam
597 3612 770 3672 voluntatis
791 3628 869 3671 suae
891 3607 1045 3690 deducat,
1073 3617 1228 3690 quatenus

79 3693 241 3768 protelatis
273 3698 450 3776 praesentis
482 3699 555 3758 aevi
586 3697 746 3760 curriculis
768 3695 901 3758 feliciter
928 3695 1061 3775 polleat,
1079 3702 1122 3778 et
1152 3701 1228 3774 post

77 3773 170 3854 hujus
197 3778 283 3839 vitae
312 3796 466 3844 excursus
494 3783 719 3843 numerositate
746 3781 818 3858 piae
845 3776 978 3840 actionis
1005 3779 1127 3859 opimus
1155 3797 1228 3840 cum

76 3858 135 3941 his,
154 3860 265 3941 quibus
285 3883 368 3928 nunc
387 3865 587 3949 principatur,
605 3865 646 3928 ud
664 3865 822 3928 Christum
844 3863 1008 3944 perveniat
1028 3864 1226 3928 laureandus.

201 4031 415 4114 Decretum
432 4031 585 4116 judicii
605 4033 650 4098 ab
671 4033 876 4096 universis
897 4031 1103 4113 editun2).

158 4157 295 4222 Actuum
325 4162 536 4244 apostolorum
566 4163 696 4244 probata
731 4157 812 4220 satis
848 4168 883 4221 et
910 4157 1091 4225 veneranda
1125 4165 1230 4220 narrat

74 4240 224 4326 historia,
258 4245 342 4326 quod
371 4247 457 4310 Judu
486 4247 613 4312 crimine
642 4243 824 4326 proditionis
854 4244 1001 4308 damnato
1030 4261 1229 4326 nequaquam

74 4323 201 4407 spiritus
222 4339 354 4396 sanctus
375 4350 470 4414 super
490 4333 626 4415 reliquos
647 4328 792 4397 undecim
817 4328 929 4412 illapsu
950 4328 1071 4396 coelico
1094 4337 1146 4394 est
1167 4329 1230 4395 dif-

111 4576 140 4644 1)
163 4579 286 4630 conclusit
308 4579 347 4636 Μ.
373 4554 444 4632 *huuc
472 4581 710 4633 consummationes
737 4578 841 4632 sublimi
864 4579 1019 4650 'perficimdo
1047 4579 1172 4632 concludit
1200 4577 1228 4630 in

144 4663 178 4700 m.
195 4647 232 4701 Μ.
269 4677 303 4688 -
352 4651 381 4717 θ)
402 4653 550 4718 Cirpiirrlum
569 4653 630 4703 ΧΠ.
647 4651 685 4704 Μ.
721 4679 756 4691 -·
