<?xml version="1.0" encoding="UTF-8"?>
<!DOCTYPE html PUBLIC "-//W3C//DTD XHTML 1.0 Transitional//EN"
    "http://www.w3.org/TR/xhtml1/DTD/xhtml1-transitional.dtd">
<html xmlns="http://www.w3.org/1999/xhtml" xml:lang="en" lang="en">
 <head>
  <title>
</title>
<meta http-equiv="Content-Type" content="text/html;charset=utf-8" />
  <meta name='ocr-system' content='tesseract 3.04.00' />
  <meta name='ocr-capabilities' content='ocr_page ocr_carea ocr_par ocr_line ocrx_word'/>
</head>
<body>
  <div class='ocr_page' id='page_1' title='image "./canonesapostolo00brungoog/canonesapostolo00brungoog_0196.png"; bbox 0 0 2916 5050; ppageno 0'>
   <div class='ocr_carea' id='block_1_1' title="bbox 356 279 1269 356">
    <p class='ocr_par' dir='ltr' id='par_1_1' title="bbox 356 279 1269 356">
     <span class='ocr_line' id='line_1_1' title="bbox 356 279 1269 356; baseline 0.005 -6"><span class='ocrx_word' id='word_1_1' title='bbox 356 281 503 353; x_wconf 73' lang='lat' dir='ltr'><strong>coust</strong></span> <span class='ocrx_word' id='word_1_2' title='bbox 525 281 748 352; x_wconf 71' lang='lat' dir='ltr'><strong>auctusne</strong></span> <span class='ocrx_word' id='word_1_3' title='bbox 769 279 1005 354; x_wconf 71' lang='lat' dir='ltr'><strong>AFRleNdll.</strong></span> <span class='ocrx_word' id='word_1_4' title='bbox 1206 281 1269 356; x_wconf 78' lang='lat' dir='ltr'><strong>rm</strong></span> 
     </span>
    </p>
   </div>
   <div class='ocr_carea' id='block_1_2' title="bbox 17 449 1337 2328">
    <p class='ocr_par' dir='ltr' id='par_1_2' title="bbox 17 449 1337 2328">
     <span class='ocr_line' id='line_1_2' title="bbox 17 449 1266 543; baseline -0.001 -20"><span class='ocrx_word' id='word_1_5' title='bbox 17 449 22 456; x_wconf 80' lang='grc'>’</span> <span class='ocrx_word' id='word_1_6' title='bbox 107 451 260 523; x_wconf 79' lang='lat' dir='ltr'><strong>cetliolici</strong></span> <span class='ocrx_word' id='word_1_7' title='bbox 287 455 474 539; x_wconf 84' lang='lat' dir='ltr'><strong>anctoritate</strong></span> <span class='ocrx_word' id='word_1_8' title='bbox 500 455 610 536; x_wconf 85' lang='lat' dir='ltr'><strong>missi,</strong></span> <span class='ocrx_word' id='word_1_9' title='bbox 640 451 681 518; x_wconf 89' lang='lat' dir='ltr'><strong>de</strong></span> <span class='ocrx_word' id='word_1_10' title='bbox 701 449 812 519; x_wconf 79' lang='lat' dir='ltr'><strong>vestra</strong></span> <span class='ocrx_word' id='word_1_11' title='bbox 832 458 1026 522; x_wconf 86' lang='lat' dir='ltr'><strong>oorreotione</strong></span> <span class='ocrx_word' id='word_1_12' title='bbox 1045 455 1185 543; x_wconf 73' lang='lat' dir='ltr'><strong>gsudm</strong></span> <span class='ocrx_word' id='word_1_13' title='bbox 1204 471 1266 522; x_wconf 81' lang='lat' dir='ltr'><strong>cu-</strong></span> 
     </span>
     <span class='ocr_line' id='line_1_3' title="bbox 108 535 1262 626; baseline 0.002 -22"><span class='ocrx_word' id='word_1_14' title='bbox 108 546 251 626; x_wconf 86' lang='lat' dir='ltr'><strong>pientes,</strong></span> <span class='ocrx_word' id='word_1_15' title='bbox 277 540 517 606; x_wconf 88' lang='lat' dir='ltr'><strong>considerantes</strong></span> <span class='ocrx_word' id='word_1_16' title='bbox 536 535 650 604; x_wconf 87' lang='lat' dir='ltr'><strong>domini</strong></span> <span class='ocrx_word' id='word_1_17' title='bbox 671 541 849 622; x_wconf 75' lang='lat' dir='ltr'><strong>centetum,</strong></span> <span class='ocrx_word' id='word_1_18' title='bbox 878 543 930 625; x_wconf 91' lang='lat' dir='ltr'><strong>qui</strong></span> <span class='ocrx_word' id='word_1_19' title='bbox 952 541 1046 607; x_wconf 77' lang='lat' dir='ltr'><strong>dixitt</strong></span> <span class='ocrx_word' id='word_1_20' title='bbox 1075 543 1179 606; x_wconf 75' lang='lat' dir='ltr'><strong>Booti</strong></span> <span class='ocrx_word' id='word_1_21' title='bbox 1193 556 1262 625; x_wconf 78' lang='lat' dir='ltr'><strong>&#39;ps-</strong></span> 
     </span>
     <span class='ocr_line' id='line_1_4' title="bbox 76 625 1262 710; baseline -0.002 -18"><span class='ocrx_word' id='word_1_22' title='bbox 76 653 79 663; x_wconf 91' lang='lat'>·</span> <span class='ocrx_word' id='word_1_23' title='bbox 109 628 216 709; x_wconf 68' lang='lat' dir='ltr'><strong>efflei,</strong></span> <span class='ocrx_word' id='word_1_24' title='bbox 245 628 322 710; x_wconf 76' lang='lat' dir='ltr'><strong>qma</strong></span> <span class='ocrx_word' id='word_1_25' title='bbox 342 627 409 709; x_wconf 78' lang='lat' dir='ltr'><strong>ipsi</strong></span> <span class='ocrx_word' id='word_1_26' title='bbox 419 626 492 709; x_wconf 78' lang='lat' dir='ltr'><strong>fllia·</strong></span> <span class='ocrx_word' id='word_1_27' title='bbox 512 626 567 689; x_wconf 81' lang='lat' dir='ltr'><strong>dei</strong></span> <span class='ocrx_word' id='word_1_28' title='bbox 586 625 782 689; x_wconf 76' lang='lat' dir='ltr'><strong>oooobmttoa</strong></span> <span class='ocrx_word' id='word_1_29' title='bbox 795 625 844 708; x_wconf 84' lang='lat'><strong>¹),</strong></span> <span class='ocrx_word' id='word_1_30' title='bbox 874 637 907 691; x_wconf 91' lang='lat' dir='ltr'><strong>et</strong></span> <span class='ocrx_word' id='word_1_31' title='bbox 933 627 1093 691; x_wconf 89' lang='lat' dir='ltr'><strong>admonuit</strong></span> <span class='ocrx_word' id='word_1_32' title='bbox 1112 643 1169 708; x_wconf 88' lang='lat' dir='ltr'><strong>per</strong></span> <span class='ocrx_word' id='word_1_33' title='bbox 1185 643 1262 709; x_wconf 90' lang='lat' dir='ltr'><strong>pro-</strong></span> 
     </span>
     <span class='ocr_line' id='line_1_5' title="bbox 106 709 1261 796; baseline 0 -20"><span class='ocrx_word' id='word_1_34' title='bbox 106 715 236 796; x_wconf 86' lang='lat' dir='ltr'><strong>phetam</strong></span> <span class='ocrx_word' id='word_1_35' title='bbox 253 713 350 775; x_wconf 89' lang='lat' dir='ltr'><strong>etiam</strong></span> <span class='ocrx_word' id='word_1_36' title='bbox 367 713 417 775; x_wconf 89' lang='lat' dir='ltr'><strong>his</strong></span> <span class='ocrx_word' id='word_1_37' title='bbox 434 713 487 794; x_wconf 89' lang='lat' dir='ltr'><strong>qui</strong></span> <span class='ocrx_word' id='word_1_38' title='bbox 505 709 613 775; x_wconf 86' lang='lat' dir='ltr'><strong>dicunt</strong></span> <span class='ocrx_word' id='word_1_39' title='bbox 632 728 670 774; x_wconf 90' lang='lat' dir='ltr'><strong>se</strong></span> <span class='ocrx_word' id='word_1_40' title='bbox 690 711 803 774; x_wconf 77' lang='lat' dir='ltr'><strong>stauos</strong></span> <span class='ocrx_word' id='word_1_41' title='bbox 822 721 947 774; x_wconf 89' lang='lat' dir='ltr'><strong>nostros</strong></span> <span class='ocrx_word' id='word_1_42' title='bbox 967 729 1029 776; x_wconf 90' lang='lat' dir='ltr'><strong>non</strong></span> <span class='ocrx_word' id='word_1_43' title='bbox 1050 729 1136 795; x_wconf 83' lang='lat' dir='ltr'><strong>esso,</strong></span> <span class='ocrx_word' id='word_1_44' title='bbox 1156 710 1261 776; x_wconf 82' lang='lat' dir='ltr'><strong>dicero</strong></span> 
     </span>
     <span class='ocr_line' id='line_1_6' title="bbox 106 793 1259 881; baseline 0.002 -21"><span class='ocrx_word' id='word_1_45' title='bbox 106 817 168 862; x_wconf 88' lang='lat' dir='ltr'><strong>nos</strong></span> <span class='ocrx_word' id='word_1_46' title='bbox 189 798 326 860; x_wconf 88' lang='lat' dir='ltr'><strong>debere:</strong></span> <span class='ocrx_word' id='word_1_47' title='bbox 353 797 488 860; x_wconf 80' lang='lat' dir='ltr'><strong>Fratres</strong></span> <span class='ocrx_word' id='word_1_48' title='bbox 507 799 612 859; x_wconf 79' lang='lat' dir='ltr'><strong>nostri</strong></span> <span class='ocrx_word' id='word_1_49' title='bbox 630 797 711 858; x_wconf 82' lang='lat' dir='ltr'><strong>estis</strong></span> <span class='ocrx_word' id='word_1_50' title='bbox 725 793 769 875; x_wconf 84' lang='lat'><strong>²).</strong></span> <span class='ocrx_word' id='word_1_51' title='bbox 811 796 905 861; x_wconf 84' lang='lat' dir='ltr'><strong>Hanc</strong></span> <span class='ocrx_word' id='word_1_52' title='bbox 924 813 1001 881; x_wconf 88' lang='lat' dir='ltr'><strong>orgo</strong></span> <span class='ocrx_word' id='word_1_53' title='bbox 1027 795 1204 880; x_wconf 78' lang='lat' dir='ltr'><strong>pacificam·</strong></span> <span class='ocrx_word' id='word_1_54' title='bbox 1216 809 1259 862; x_wconf 79' lang='lat' dir='ltr'><strong>ex</strong></span> 
     </span>
     <span class='ocr_line' id='line_1_7' title="bbox 106 879 1260 961; baseline -0.002 -14"><span class='ocrx_word' id='word_1_55' title='bbox 106 879 241 948; x_wconf 82' lang='lat' dir='ltr'><strong>ueritate</strong></span> <span class='ocrx_word' id='word_1_56' title='bbox 253 883 434 946; x_wconf 87' lang='lat' dir='ltr'><strong>venientem</strong></span> <span class='ocrx_word' id='word_1_57' title='bbox 454 881 725 946; x_wconf 72' lang='lat' dir='ltr'><strong>commonitionem</strong></span> <span class='ocrx_word' id='word_1_58' title='bbox 744 885 882 946; x_wconf 84' lang='lat' dir='ltr'><strong>nostram</strong></span> <span class='ocrx_word' id='word_1_59' title='bbox 901 889 1101 961; x_wconf 83' lang='lat' dir='ltr'><strong>contemnere</strong></span> <span class='ocrx_word' id='word_1_60' title='bbox 1120 899 1183 946; x_wconf 89' lang='lat' dir='ltr'><strong>non</strong></span> <span class='ocrx_word' id='word_1_61' title='bbox 1198 881 1260 947; x_wconf 89' lang='lat' dir='ltr'><strong>de-</strong></span> 
     </span>
     <span class='ocr_line' id='line_1_8' title="bbox 106 965 1259 1051; baseline 0 -19"><span class='ocrx_word' id='word_1_62' title='bbox 106 967 207 1051; x_wconf 89' lang='lat' dir='ltr'><strong>betis,</strong></span> <span class='ocrx_word' id='word_1_63' title='bbox 227 976 264 1030; x_wconf 90' lang='lat' dir='ltr'><strong>ut</strong></span> <span class='ocrx_word' id='word_1_64' title='bbox 284 969 313 1032; x_wconf 88' lang='lat' dir='ltr'><strong>si</strong></span> <span class='ocrx_word' id='word_1_65' title='bbox 333 967 408 1050; x_wconf 87' lang='lat' dir='ltr'><strong>quid</strong></span> <span class='ocrx_word' id='word_1_66' title='bbox 426 968 569 1032; x_wconf 84' lang='lat' dir='ltr'><strong>veritatis</strong></span> <span class='ocrx_word' id='word_1_67' title='bbox 589 965 705 1030; x_wconf 89' lang='lat' dir='ltr'><strong>babere</strong></span> <span class='ocrx_word' id='word_1_68' title='bbox 725 983 785 1029; x_wconf 79' lang='lat' dir='ltr'><strong>oros</strong></span> <span class='ocrx_word' id='word_1_69' title='bbox 805 967 1005 1050; x_wconf 74' lang='lat' dir='ltr'><strong>arbitramini,</strong></span> <span class='ocrx_word' id='word_1_70' title='bbox 1027 979 1089 1032; x_wconf 85' lang='lat' dir='ltr'><strong>non</strong></span> <span class='ocrx_word' id='word_1_71' title='bbox 1108 965 1259 1032; x_wconf 77' lang='lat' dir='ltr'><strong>dubitetis</strong></span> 
     </span>
     <span class='ocr_line' id='line_1_9' title="bbox 108 1051 1258 1137; baseline 0 -21"><span class='ocrx_word' id='word_1_72' title='bbox 108 1071 275 1116; x_wconf 84' lang='lat' dir='ltr'><strong>asserere:</strong></span> <span class='ocrx_word' id='word_1_73' title='bbox 306 1051 433 1136; x_wconf 90' lang='lat' dir='ltr'><strong>idest,</strong></span> <span class='ocrx_word' id='word_1_74' title='bbox 466 1062 502 1116; x_wconf 92' lang='lat' dir='ltr'><strong>ut</strong></span> <span class='ocrx_word' id='word_1_75' title='bbox 530 1061 725 1136; x_wconf 85' lang='lat' dir='ltr'><strong>congregato</strong></span> <span class='ocrx_word' id='word_1_76' title='bbox 750 1060 859 1116; x_wconf 88' lang='lat' dir='ltr'><strong>vestro</strong></span> <span class='ocrx_word' id='word_1_77' title='bbox 884 1053 1017 1118; x_wconf 90' lang='lat' dir='ltr'><strong>concilio</strong></span> <span class='ocrx_word' id='word_1_78' title='bbox 1042 1053 1191 1137; x_wconf 74' lang='lat' dir='ltr'><strong>deligatis</strong></span> <span class='ocrx_word' id='word_1_79' title='bbox 1215 1069 1258 1117; x_wconf 84' lang='lat' dir='ltr'><strong>ex</strong></span> 
     </span>
     <span class='ocr_line' id='line_1_10' title="bbox 107 1138 1259 1222; baseline 0.001 -21"><span class='ocrx_word' id='word_1_80' title='bbox 107 1139 213 1220; x_wconf 88' lang='lat' dir='ltr'><strong>vobis,</strong></span> <span class='ocrx_word' id='word_1_81' title='bbox 234 1138 346 1220; x_wconf 87' lang='lat' dir='ltr'><strong>quibus</strong></span> <span class='ocrx_word' id='word_1_82' title='bbox 367 1155 496 1202; x_wconf 90' lang='lat' dir='ltr'><strong>oausam</strong></span> <span class='ocrx_word' id='word_1_83' title='bbox 516 1138 699 1202; x_wconf 71' lang='lat' dir='ltr'><strong>assertionis</strong></span> <span class='ocrx_word' id='word_1_84' title='bbox 709 1145 838 1202; x_wconf 80' lang='lat' dir='ltr'><strong>vestrae</strong></span> <span class='ocrx_word' id='word_1_85' title='bbox 859 1139 1069 1222; x_wconf 85' lang='lat' dir='ltr'><strong>committatis,</strong></span> <span class='ocrx_word' id='word_1_86' title='bbox 1089 1147 1127 1204; x_wconf 91' lang='lat' dir='ltr'><strong>ut</strong></span> <span class='ocrx_word' id='word_1_87' title='bbox 1143 1147 1179 1203; x_wconf 87' lang='lat' dir='ltr'><strong>et</strong></span> <span class='ocrx_word' id='word_1_88' title='bbox 1198 1153 1259 1202; x_wconf 89' lang='lat' dir='ltr'><strong>nos</strong></span> 
     </span>
     <span class='ocr_line' id='line_1_11' title="bbox 108 1221 1258 1308; baseline 0.001 -23"><span class='ocrx_word' id='word_1_89' title='bbox 108 1224 267 1308; x_wconf 88' lang='lat' dir='ltr'><strong>possimus</strong></span> <span class='ocrx_word' id='word_1_90' title='bbox 294 1222 355 1286; x_wconf 91' lang='lat' dir='ltr'><strong>hoc</strong></span> <span class='ocrx_word' id='word_1_91' title='bbox 382 1223 507 1304; x_wconf 82' lang='lat' dir='ltr'><strong>facero,</strong></span> <span class='ocrx_word' id='word_1_92' title='bbox 533 1231 570 1286; x_wconf 84' lang='lat' dir='ltr'><strong>ut</strong></span> <span class='ocrx_word' id='word_1_93' title='bbox 596 1225 690 1286; x_wconf 86' lang='lat' dir='ltr'><strong>etiam</strong></span> <span class='ocrx_word' id='word_1_94' title='bbox 716 1221 757 1284; x_wconf 90' lang='lat' dir='ltr'><strong>de</strong></span> <span class='ocrx_word' id='word_1_95' title='bbox 781 1231 888 1287; x_wconf 91' lang='lat' dir='ltr'><strong>nostro</strong></span> <span class='ocrx_word' id='word_1_96' title='bbox 914 1224 1047 1289; x_wconf 90' lang='lat' dir='ltr'><strong>oonoilio</strong></span> <span class='ocrx_word' id='word_1_97' title='bbox 1073 1223 1258 1308; x_wconf 80' lang='lat' dir='ltr'><strong>deligantur,</strong></span> 
     </span>
     <span class='ocr_line' id='line_1_12' title="bbox 107 1307 1337 1392; baseline 0.001 -21"><span class='ocrx_word' id='word_1_98' title='bbox 107 1309 162 1392; x_wconf 89' lang='lat' dir='ltr'><strong>qni</strong></span> <span class='ocrx_word' id='word_1_99' title='bbox 183 1325 258 1387; x_wconf 83' lang='lat' dir='ltr'><strong>eum</strong></span> <span class='ocrx_word' id='word_1_100' title='bbox 276 1309 325 1370; x_wconf 88' lang='lat' dir='ltr'><strong>eis</strong></span> <span class='ocrx_word' id='word_1_101' title='bbox 348 1326 428 1390; x_wconf 84' lang='lat' dir='ltr'><strong>quos</strong></span> <span class='ocrx_word' id='word_1_102' title='bbox 447 1307 638 1392; x_wconf 87' lang='lat' dir='ltr'><strong>delegeritis,</strong></span> <span class='ocrx_word' id='word_1_103' title='bbox 659 1309 830 1372; x_wconf 80' lang='lat' dir='ltr'><strong>constitum</strong></span> <span class='ocrx_word' id='word_1_104' title='bbox 849 1309 920 1371; x_wconf 87' lang='lat' dir='ltr'><strong>loeo</strong></span> <span class='ocrx_word' id='word_1_105' title='bbox 940 1319 975 1372; x_wconf 89' lang='lat' dir='ltr'><strong>et</strong></span> <span class='ocrx_word' id='word_1_106' title='bbox 994 1317 1144 1391; x_wconf 84' lang='lat' dir='ltr'><strong>tempore,</strong></span> <span class='ocrx_word' id='word_1_107' title='bbox 1164 1307 1259 1391; x_wconf 85' lang='lat' dir='ltr'><strong>quid-</strong></span> <span class='ocrx_word' id='word_1_108' title='bbox 1335 1381 1337 1386; x_wconf 67' lang='lat'><strong>,</strong></span> 
     </span>
     <span class='ocr_line' id='line_1_13' title="bbox 106 1392 1258 1479; baseline -0.001 -22"><span class='ocrx_word' id='word_1_109' title='bbox 106 1393 183 1478; x_wconf 87' lang='lat' dir='ltr'><strong>quid</strong></span> <span class='ocrx_word' id='word_1_110' title='bbox 203 1395 398 1478; x_wconf 82' lang='lat' dir='ltr'><strong>qmestioms</strong></span> <span class='ocrx_word' id='word_1_111' title='bbox 422 1403 475 1456; x_wconf 90' lang='lat' dir='ltr'><strong>est</strong></span> <span class='ocrx_word' id='word_1_112' title='bbox 501 1392 585 1479; x_wconf 86' lang='lat' dir='ltr'><strong>quod</strong></span> <span class='ocrx_word' id='word_1_113' title='bbox 603 1402 743 1456; x_wconf 84' lang='lat' dir='ltr'><strong>vestram</strong></span> <span class='ocrx_word' id='word_1_114' title='bbox 764 1409 784 1456; x_wconf 82' lang='lat' dir='ltr'><strong>a</strong></span> <span class='ocrx_word' id='word_1_115' title='bbox 803 1394 895 1456; x_wconf 89' lang='lat' dir='ltr'><strong>nobis</strong></span> <span class='ocrx_word' id='word_1_116' title='bbox 914 1403 1042 1476; x_wconf 82' lang='lat' dir='ltr'><strong>separat</strong></span> <span class='ocrx_word' id='word_1_117' title='bbox 1063 1393 1258 1458; x_wconf 88' lang='lat' dir='ltr'><strong>communio·</strong></span> 
     </span>
     <span class='ocr_line' id='line_1_14' title="bbox 105 1476 1257 1562; baseline -0.002 -18"><span class='ocrx_word' id='word_1_118' title='bbox 105 1499 195 1562; x_wconf 88' lang='lat' dir='ltr'><strong>nem,</strong></span> <span class='ocrx_word' id='word_1_119' title='bbox 223 1497 296 1544; x_wconf 90' lang='lat' dir='ltr'><strong>cum</strong></span> <span class='ocrx_word' id='word_1_120' title='bbox 322 1495 403 1560; x_wconf 88' lang='lat' dir='ltr'><strong>pace</strong></span> <span class='ocrx_word' id='word_1_121' title='bbox 427 1477 598 1545; x_wconf 83' lang='lat' dir='ltr'><strong>discutiant</strong></span> <span class='ocrx_word' id='word_1_122' title='bbox 623 1486 659 1542; x_wconf 90' lang='lat' dir='ltr'><strong>et</strong></span> <span class='ocrx_word' id='word_1_123' title='bbox 677 1476 802 1540; x_wconf 87' lang='lat' dir='ltr'><strong>tandem</strong></span> <span class='ocrx_word' id='word_1_124' title='bbox 823 1479 987 1562; x_wconf 90' lang='lat' dir='ltr'><strong>aliquando</strong></span> <span class='ocrx_word' id='word_1_125' title='bbox 1007 1478 1177 1562; x_wconf 89' lang='lat' dir='ltr'><strong>adjuvaute</strong></span> <span class='ocrx_word' id='word_1_126' title='bbox 1195 1476 1257 1542; x_wconf 86' lang='lat' dir='ltr'><strong>do—</strong></span> 
     </span>
     <span class='ocr_line' id='line_1_15' title="bbox 105 1563 1277 1647; baseline -0.002 -19"><span class='ocrx_word' id='word_1_127' title='bbox 105 1567 192 1628; x_wconf 91' lang='lat' dir='ltr'><strong>mino</strong></span> <span class='ocrx_word' id='word_1_128' title='bbox 216 1564 277 1628; x_wconf 88' lang='lat' dir='ltr'><strong>deo</strong></span> <span class='ocrx_word' id='word_1_129' title='bbox 304 1572 411 1627; x_wconf 89' lang='lat' dir='ltr'><strong>nostro</strong></span> <span class='ocrx_word' id='word_1_130' title='bbox 438 1563 534 1628; x_wconf 87' lang='lat' dir='ltr'><strong>linem</strong></span> <span class='ocrx_word' id='word_1_131' title='bbox 556 1571 745 1626; x_wconf 81' lang='lat' dir='ltr'><strong>veternosus</strong></span> <span class='ocrx_word' id='word_1_132' title='bbox 771 1579 855 1626; x_wconf 91' lang='lat' dir='ltr'><strong>error</strong></span> <span class='ocrx_word' id='word_1_133' title='bbox 879 1565 1033 1647; x_wconf 80' lang='lat' dir='ltr'><strong>accipiet,</strong></span> <span class='ocrx_word' id='word_1_134' title='bbox 1062 1583 1103 1627; x_wconf 89' lang='lat' dir='ltr'><strong>ne</strong></span> <span class='ocrx_word' id='word_1_135' title='bbox 1131 1570 1277 1646; x_wconf 78' lang='lat' dir='ltr'><strong>propter·</strong></span> 
     </span>
     <span class='ocr_line' id='line_1_16' title="bbox 107 1647 1255 1733; baseline 0 -20"><span class='ocrx_word' id='word_1_136' title='bbox 107 1650 338 1713; x_wconf 68' lang='lat' dir='ltr'><strong>animositatem</strong></span> <span class='ocrx_word' id='word_1_137' title='bbox 363 1649 520 1712; x_wconf 90' lang='lat' dir='ltr'><strong>hominum</strong></span> <span class='ocrx_word' id='word_1_138' title='bbox 540 1647 678 1712; x_wconf 80' lang='lat' dir='ltr'><strong>infirmus</strong></span> <span class='ocrx_word' id='word_1_139' title='bbox 699 1648 820 1710; x_wconf 85' lang='lat' dir='ltr'><strong>animae</strong></span> <span class='ocrx_word' id='word_1_140' title='bbox 833 1647 868 1729; x_wconf 78' lang='lat'><strong>³)</strong></span> <span class='ocrx_word' id='word_1_141' title='bbox 900 1659 934 1712; x_wconf 92' lang='lat' dir='ltr'><strong>et</strong></span> <span class='ocrx_word' id='word_1_142' title='bbox 954 1651 1054 1733; x_wconf 88' lang='lat' dir='ltr'><strong>ignari</strong></span> <span class='ocrx_word' id='word_1_143' title='bbox 1072 1649 1178 1732; x_wconf 91' lang='lat' dir='ltr'><strong>populi</strong></span> <span class='ocrx_word' id='word_1_144' title='bbox 1197 1665 1255 1713; x_wconf 82' lang='lat' dir='ltr'><strong>sa·</strong></span> 
     </span>
     <span class='ocr_line' id='line_1_17' title="bbox 100 1733 1255 1822; baseline 0 -24"><span class='ocrx_word' id='word_1_145' title='bbox 100 1736 229 1822; x_wconf 68' lang='lat' dir='ltr'><strong>emisga</strong></span> <span class='ocrx_word' id='word_1_146' title='bbox 245 1733 445 1797; x_wconf 88' lang='lat' dir='ltr'><strong>dissensione</strong></span> <span class='ocrx_word' id='word_1_147' title='bbox 461 1734 650 1815; x_wconf 81' lang='lat' dir='ltr'><strong>dispereant</strong></span> <span class='ocrx_word' id='word_1_148' title='bbox 691 1733 729 1796; x_wconf 88' lang='lat' dir='ltr'><strong>si</strong></span> <span class='ocrx_word' id='word_1_149' title='bbox 758 1733 840 1796; x_wconf 87' lang='lat' dir='ltr'><strong>enim</strong></span> <span class='ocrx_word' id='word_1_150' title='bbox 867 1735 930 1799; x_wconf 84' lang='lat' dir='ltr'><strong>boo</strong></span> <span class='ocrx_word' id='word_1_151' title='bbox 956 1736 1090 1798; x_wconf 81' lang='lat' dir='ltr'><strong>fraterne</strong></span> <span class='ocrx_word' id='word_1_152' title='bbox 1115 1749 1255 1816; x_wconf 85' lang='lat' dir='ltr'><strong>accepe-</strong></span> 
     </span>
     <span class='ocr_line' id='line_1_18' title="bbox 98 1819 1255 1902; baseline -0.002 -16"><span class='ocrx_word' id='word_1_153' title='bbox 98 1821 192 1902; x_wconf 81' lang='lat' dir='ltr'><strong>¹ritis,</strong></span> <span class='ocrx_word' id='word_1_154' title='bbox 218 1821 338 1882; x_wconf 84' lang='lat' dir='ltr'><strong>veritas</strong></span> <span class='ocrx_word' id='word_1_155' title='bbox 363 1819 456 1883; x_wconf 77' lang='lat' dir='ltr'><strong>focile</strong></span> <span class='ocrx_word' id='word_1_156' title='bbox 482 1819 670 1898; x_wconf 85' lang='lat' dir='ltr'><strong>dilucescet,</strong></span> <span class='ocrx_word' id='word_1_157' title='bbox 699 1819 727 1880; x_wconf 89' lang='lat' dir='ltr'><strong>si</strong></span> <span class='ocrx_word' id='word_1_158' title='bbox 753 1820 941 1884; x_wconf 79' lang='lat' dir='ltr'><strong>autemnon</strong></span> <span class='ocrx_word' id='word_1_159' title='bbox 962 1820 1066 1884; x_wconf 83' lang='lat' dir='ltr'><strong>lacere</strong></span> <span class='ocrx_word' id='word_1_160' title='bbox 1086 1819 1255 1900; x_wconf 83' lang='lat' dir='ltr'><strong>nolueritis,</strong></span> 
     </span>
     <span class='ocr_line' id='line_1_19' title="bbox 81 1902 1254 1988; baseline -0.003 -18"><span class='ocrx_word' id='word_1_161' title='bbox 81 1903 287 1971; x_wconf 83' lang='lat' dir='ltr'><strong>diffidentia</strong></span> <span class='ocrx_word' id='word_1_162' title='bbox 300 1912 408 1968; x_wconf 80' lang='lat' dir='ltr'><strong>vestra</strong></span> <span class='ocrx_word' id='word_1_163' title='bbox 433 1905 524 1967; x_wconf 83' lang='lat' dir='ltr'><strong>facile</strong></span> <span class='ocrx_word' id='word_1_164' title='bbox 553 1905 738 1966; x_wconf 88' lang='lat' dir='ltr'><strong>innotescet.</strong></span> <span class='ocrx_word' id='word_1_165' title='bbox 771 1902 914 1988; x_wconf 83' lang='lat' dir='ltr'><strong>Cumque</strong></span> <span class='ocrx_word' id='word_1_166' title='bbox 934 1907 1066 1968; x_wconf 76' lang='lat' dir='ltr'><strong>recitata</strong></span> <span class='ocrx_word' id='word_1_167' title='bbox 1085 1911 1188 1988; x_wconf 87' lang='lat' dir='ltr'><strong>osset,</strong></span> <span class='ocrx_word' id='word_1_168' title='bbox 1213 1905 1254 1967; x_wconf 82' lang='lat' dir='ltr'><strong>ub</strong></span> 
     </span>
     <span class='ocr_line' id='line_1_20' title="bbox 107 1988 1255 2072; baseline -0.003 -17"><span class='ocrx_word' id='word_1_169' title='bbox 107 1993 264 2055; x_wconf 82' lang='lat' dir='ltr'><strong>universis</strong></span> <span class='ocrx_word' id='word_1_170' title='bbox 284 1991 444 2072; x_wconf 89' lang='lat' dir='ltr'><strong>episcopis</strong></span> <span class='ocrx_word' id='word_1_171' title='bbox 464 1990 581 2054; x_wconf 90' lang='lat' dir='ltr'><strong>dietum</strong></span> <span class='ocrx_word' id='word_1_172' title='bbox 602 1997 670 2052; x_wconf 86' lang='lat' dir='ltr'><strong>est:</strong></span> <span class='ocrx_word' id='word_1_173' title='bbox 691 1988 779 2052; x_wconf 89' lang='lat' dir='ltr'><strong>Satis</strong></span> <span class='ocrx_word' id='word_1_174' title='bbox 799 1989 914 2072; x_wconf 87' lang='lat' dir='ltr'><strong>placet,</strong></span> <span class='ocrx_word' id='word_1_175' title='bbox 934 1989 996 2054; x_wconf 91' lang='lat' dir='ltr'><strong>hoo</strong></span> <span class='ocrx_word' id='word_1_176' title='bbox 1016 1990 1080 2054; x_wconf 87' lang='lat' dir='ltr'><strong>fiat.</strong></span> <span class='ocrx_word' id='word_1_177' title='bbox 1113 1991 1156 2054; x_wconf 79' lang='lat' dir='ltr'><strong>Et</strong></span> <span class='ocrx_word' id='word_1_178' title='bbox 1176 1990 1255 2068; x_wconf 77' lang='lat' dir='ltr'><strong>snb-</strong></span> 
     </span>
     <span class='ocr_line' id='line_1_21' title="bbox 108 2072 1256 2161; baseline -0.001 -21"><span class='ocrx_word' id='word_1_179' title='bbox 108 2078 322 2160; x_wconf 89' lang='lat' dir='ltr'><strong>soripserunt:</strong></span> <span class='ocrx_word' id='word_1_180' title='bbox 356 2072 503 2138; x_wconf 83' lang='lat' dir='ltr'><strong>Aurelius</strong></span> <span class='ocrx_word' id='word_1_181' title='bbox 523 2075 693 2157; x_wconf 88' lang='lat' dir='ltr'><strong>episcopus</strong></span> <span class='ocrx_word' id='word_1_182' title='bbox 720 2073 876 2138; x_wconf 88' lang='lat' dir='ltr'><strong>ecclesiae</strong></span> <span class='ocrx_word' id='word_1_183' title='bbox 897 2075 1158 2161; x_wconf 81' lang='lat' dir='ltr'><strong>Carthaginensis</strong></span> <span class='ocrx_word' id='word_1_184' title='bbox 1182 2075 1256 2139; x_wconf 89' lang='lat' dir='ltr'><strong>huic</strong></span> 
     </span>
     <span class='ocr_line' id='line_1_22' title="bbox 106 2159 1256 2246; baseline 0.003 -21"><span class='ocrx_word' id='word_1_185' title='bbox 106 2163 235 2225; x_wconf 85' lang='lat' dir='ltr'><strong>decreto</strong></span> <span class='ocrx_word' id='word_1_186' title='bbox 247 2161 395 2225; x_wconf 84' lang='lat' dir='ltr'><strong>consensi</strong></span> <span class='ocrx_word' id='word_1_187' title='bbox 410 2169 444 2222; x_wconf 93' lang='lat' dir='ltr'><strong>et</strong></span> <span class='ocrx_word' id='word_1_188' title='bbox 463 2162 622 2240; x_wconf 87' lang='lat' dir='ltr'><strong>praelecto</strong></span> <span class='ocrx_word' id='word_1_189' title='bbox 643 2159 824 2246; x_wconf 84' lang='lat' dir='ltr'><strong>subscripsi.</strong></span> <span class='ocrx_word' id='word_1_190' title='bbox 851 2159 999 2226; x_wconf 84' lang='lat' dir='ltr'><strong>Similiter</strong></span> <span class='ocrx_word' id='word_1_191' title='bbox 1016 2169 1049 2226; x_wconf 89' lang='lat' dir='ltr'><strong>et</strong></span> <span class='ocrx_word' id='word_1_192' title='bbox 1067 2161 1167 2227; x_wconf 81' lang='lat' dir='ltr'><strong>ceteri</strong></span> <span class='ocrx_word' id='word_1_193' title='bbox 1185 2161 1256 2246; x_wconf 67' lang='lat' dir='ltr'><strong>epis</strong></span> 
     </span>
     <span class='ocr_line' id='line_1_23' title="bbox 107 2243 1242 2328; baseline -0.004 -16"><span class='ocrx_word' id='word_1_194' title='bbox 107 2245 241 2328; x_wconf 65' lang='lat' dir='ltr'><strong>soopit)</strong></span> <span class='ocrx_word' id='word_1_195' title='bbox 262 2243 565 2328; x_wconf 63' lang='lat' dir='ltr'><strong>subsodpsemntl).</strong></span> <span class='ocrx_word' id='word_1_196' title='bbox 1239 2261 1242 2268; x_wconf 74' lang='grc'><strong>’</strong></span> 
     </span>
    </p>
   </div>
   <div class='ocr_carea' id='block_1_3' title="bbox 98 2359 1259 2730">
    <p class='ocr_par' dir='ltr' id='par_1_3' title="bbox 98 2359 1259 2730">
     <span class='ocr_line' id='line_1_24' title="bbox 98 2359 1228 2523; baseline -0.002 -87"><span class='ocrx_word' id='word_1_197' title='bbox 98 2359 107 2452; x_wconf 36' lang='grc' dir='ltr'>ζ</span> <span class='ocrx_word' id='word_1_198' title='bbox 140 2373 231 2448; x_wconf 82' lang='lat' dir='ltr'><strong>Haeo</strong></span> <span class='ocrx_word' id='word_1_199' title='bbox 252 2373 385 2454; x_wconf 73' lang='lat' dir='ltr'><strong>spnoaenn</strong></span> <span class='ocrx_word' id='word_1_200' title='bbox 407 2372 557 2438; x_wconf 82' lang='lat' dir='ltr'><strong>adversus</strong></span> <span class='ocrx_word' id='word_1_201' title='bbox 578 2371 771 2523; x_wconf 55' lang='lat' dir='ltr'><strong>Bogutistos</strong></span> <span class='ocrx_word' id='word_1_202' title='bbox 794 2371 986 2458; x_wconf 79' lang='lat' dir='ltr'><strong>legationem</strong></span> <span class='ocrx_word' id='word_1_203' title='bbox 1006 2373 1052 2438; x_wconf 86' lang='lat' dir='ltr'><strong>od</strong></span> <span class='ocrx_word' id='word_1_204' title='bbox 1064 2373 1228 2459; x_wconf 79' lang='lat' dir='ltr'><strong>principes</strong></span> 
     </span>
     <span class='ocr_line' id='line_1_25' title="bbox 196 2465 1258 2644; baseline -0.005 -22"><span class='ocrx_word' id='word_1_205' title='bbox 196 2519 429 2624; x_wconf 87' lang='lat' dir='ltr'><strong>Gloriosissimo</strong></span> <span class='ocrx_word' id='word_1_206' title='bbox 451 2558 635 2642; x_wconf 88' lang='lat' dir='ltr'><strong>imperatore</strong></span> <span class='ocrx_word' id='word_1_207' title='bbox 646 2465 793 2624; x_wconf 42' lang='lat' dir='ltr'><strong>213an</strong></span> <span class='ocrx_word' id='word_1_208' title='bbox 814 2567 951 2644; x_wconf 90' lang='lat' dir='ltr'><strong>augusto</strong></span> <span class='ocrx_word' id='word_1_209' title='bbox 972 2565 1097 2620; x_wconf 84' lang='lat' dir='ltr'><strong>sextum</strong></span> <span class='ocrx_word' id='word_1_210' title='bbox 1118 2515 1258 2634; x_wconf 81' lang='lat' dir='ltr'><strong>consule,</strong></span> 
     </span>
     <span class='ocr_line' id='line_1_26' title="bbox 110 2639 1259 2730; baseline -0.003 -22"><span class='ocrx_word' id='word_1_211' title='bbox 110 2641 271 2708; x_wconf 81' lang='lat' dir='ltr'><strong>Kalendas</strong></span> <span class='ocrx_word' id='word_1_212' title='bbox 287 2643 445 2726; x_wconf 66' lang='lat' dir='ltr'><strong>eriasl),</strong></span> <span class='ocrx_word' id='word_1_213' title='bbox 459 2643 651 2730; x_wconf 82' lang='lat' dir='ltr'><strong>Carthagine</strong></span> <span class='ocrx_word' id='word_1_214' title='bbox 671 2646 703 2708; x_wconf 91' lang='lat' dir='ltr'><strong>in</strong></span> <span class='ocrx_word' id='word_1_215' title='bbox 722 2646 852 2710; x_wconf 84' lang='lat' dir='ltr'><strong>basilica</strong></span> <span class='ocrx_word' id='word_1_216' title='bbox 873 2643 1010 2728; x_wconf 84' lang='lat' dir='ltr'><strong>regionis</strong></span> <span class='ocrx_word' id='word_1_217' title='bbox 1029 2639 1199 2706; x_wconf 87' lang='lat' dir='ltr'><strong>secundae.</strong></span> <span class='ocrx_word' id='word_1_218' title='bbox 1222 2640 1259 2704; x_wconf 88' lang='lat' dir='ltr'><strong>ln</strong></span> 
     </span>
    </p>
   </div>
   <div class='ocr_carea' id='block_1_4' title="bbox 7 2725 1259 2818">
    <p class='ocr_par' dir='ltr' id='par_1_4' title="bbox 7 2725 1259 2818">
     <span class='ocr_line' id='line_1_27' title="bbox 7 2725 1259 2818; baseline -0.003 -24"><span class='ocrx_word' id='word_1_219' title='bbox 7 2805 9 2818; x_wconf 90' lang='lat'>.</span> <span class='ocrx_word' id='word_1_220' title='bbox 100 2731 173 2794; x_wconf 65' lang='lat' dir='ltr'><strong>,hoo</strong></span> <span class='ocrx_word' id='word_1_221' title='bbox 192 2731 324 2795; x_wconf 87' lang='lat' dir='ltr'><strong>coneilio</strong></span> <span class='ocrx_word' id='word_1_222' title='bbox 345 2731 534 2816; x_wconf 83' lang='lat' dir='ltr'><strong>legationem</strong></span> <span class='ocrx_word' id='word_1_223' title='bbox 554 2739 763 2812; x_wconf 85' lang='lat' dir='ltr'><strong>suscepemnt</strong></span> <span class='ocrx_word' id='word_1_224' title='bbox 784 2730 941 2794; x_wconf 77' lang='lat' dir='ltr'><strong>Theasius</strong></span> <span class='ocrx_word' id='word_1_225' title='bbox 962 2735 997 2793; x_wconf 89' lang='lat' dir='ltr'><strong>et</strong></span> <span class='ocrx_word' id='word_1_226' title='bbox 1016 2725 1158 2790; x_wconf 76' lang='lat' dir='ltr'><strong>lllvodius</strong></span> <span class='ocrx_word' id='word_1_227' title='bbox 1179 2743 1259 2790; x_wconf 88' lang='lat' dir='ltr'><strong>eon·</strong></span> 
     </span>
    </p>
   </div>
   <div class='ocr_carea' id='block_1_5' title="bbox 108 2809 1259 2983">
    <p class='ocr_par' dir='ltr' id='par_1_5' title="bbox 108 2809 1259 2983">
     <span class='ocr_line' id='line_1_28' title="bbox 108 2809 1259 2899; baseline -0.002 -21"><span class='ocrx_word' id='word_1_228' title='bbox 108 2825 158 2880; x_wconf 83' lang='lat' dir='ltr'><strong>tra</strong></span> <span class='ocrx_word' id='word_1_229' title='bbox 181 2815 384 2898; x_wconf 75' lang='lat' dir='ltr'><strong>nonnosus,</strong></span> <span class='ocrx_word' id='word_1_230' title='bbox 417 2815 450 2878; x_wconf 90' lang='lat' dir='ltr'><strong>in</strong></span> <span class='ocrx_word' id='word_1_231' title='bbox 477 2833 540 2899; x_wconf 89' lang='lat' dir='ltr'><strong>quo</strong></span> <span class='ocrx_word' id='word_1_232' title='bbox 566 2817 699 2884; x_wconf 86' lang='lat' dir='ltr'><strong>concilio</strong></span> <span class='ocrx_word' id='word_1_233' title='bbox 728 2817 876 2884; x_wconf 86' lang='lat' dir='ltr'><strong>insertum</strong></span> <span class='ocrx_word' id='word_1_234' title='bbox 907 2822 958 2879; x_wconf 88' lang='lat' dir='ltr'><strong>est</strong></span> <span class='ocrx_word' id='word_1_235' title='bbox 984 2809 1259 2892; x_wconf 73' lang='lat' dir='ltr'><strong>commonitorium,</strong></span> 
     </span>
     <span class='ocr_line' id='line_1_29' title="bbox 108 2899 1088 2983; baseline -0.001 -19"><span class='ocrx_word' id='word_1_236' title='bbox 108 2899 193 2983; x_wconf 90' lang='lat' dir='ltr'><strong>quod</strong></span> <span class='ocrx_word' id='word_1_237' title='bbox 213 2900 258 2966; x_wconf 89' lang='lat' dir='ltr'><strong>ita</strong></span> <span class='ocrx_word' id='word_1_238' title='bbox 277 2919 315 2966; x_wconf 86' lang='lat' dir='ltr'><strong>se</strong></span> <span class='ocrx_word' id='word_1_239' title='bbox 335 2902 484 2968; x_wconf 84' lang='lat' dir='ltr'><strong>continet.</strong></span> <span class='ocrx_word' id='word_1_240' title='bbox 1085 2906 1088 2912; x_wconf 85' lang='grc'><em>·</em></span> 
     </span>
    </p>
   </div>
   <div class='ocr_carea' id='block_1_6' title="bbox 33 3018 1351 4410">
    <p class='ocr_par' dir='ltr' id='par_1_6' title="bbox 101 3018 1225 3112">
     <span class='ocr_line' id='line_1_30' title="bbox 101 3018 1225 3112; baseline -0.007 -20"><span class='ocrx_word' id='word_1_241' title='bbox 101 3047 105 3057; x_wconf 93' lang='grc'><strong><em>·</em></strong></span> <span class='ocrx_word' id='word_1_242' title='bbox 154 3018 276 3092; x_wconf 72' lang='grc' dir='ltr'><strong><em>ΧΟΙΙΙ.</em></strong></span> <span class='ocrx_word' id='word_1_243' title='bbox 323 3027 424 3108; x_wconf 73' lang='lat' dir='ltr'><strong>Quale</strong></span> <span class='ocrx_word' id='word_1_244' title='bbox 453 3029 725 3092; x_wconf 77' lang='lat' dir='ltr'><strong>commonitorium</strong></span> <span class='ocrx_word' id='word_1_245' title='bbox 754 3035 945 3112; x_wconf 75' lang='lat' dir='ltr'><strong>occeperunt</strong></span> <span class='ocrx_word' id='word_1_246' title='bbox 966 3027 1078 3110; x_wconf 79' lang='lat' dir='ltr'><strong>¹legati</strong></span> <span class='ocrx_word' id='word_1_247' title='bbox 1106 3028 1225 3087; x_wconf 72' lang='lat' dir='ltr'><strong>notura</strong></span> 
     </span>
    </p>

    <p class='ocr_par' dir='ltr' id='par_1_7' title="bbox 95 3113 951 3206">
     <span class='ocr_line' id='line_1_31' title="bbox 95 3113 951 3206; baseline -0.004 -29"><span class='ocrx_word' id='word_1_248' title='bbox 95 3123 102 3134; x_wconf 85' lang='lat'>&#39;</span> <span class='ocrx_word' id='word_1_249' title='bbox 142 3193 150 3206; x_wconf 33' lang='lat'><em>¹</em></span> <span class='ocrx_word' id='word_1_250' title='bbox 585 3113 789 3177; x_wconf 77' lang='lat' dir='ltr'><strong>Donatistae.</strong></span> <span class='ocrx_word' id='word_1_251' title='bbox 945 3135 951 3144; x_wconf 95' lang='lat'><em>·</em></span> 
     </span>
    </p>

    <p class='ocr_par' dir='ltr' id='par_1_8' title="bbox 33 3207 1268 3980">
     <span class='ocr_line' id='line_1_32' title="bbox 33 3207 1261 3294; baseline -0.002 -22"><span class='ocrx_word' id='word_1_252' title='bbox 33 3265 35 3272; x_wconf 89' lang='grc'><em>,</em></span> <span class='ocrx_word' id='word_1_253' title='bbox 196 3213 469 3278; x_wconf 83' lang='lat' dir='ltr'><strong>Commonitorium</strong></span> <span class='ocrx_word' id='word_1_254' title='bbox 487 3213 781 3279; x_wconf 75' lang='lat' dir='ltr'><strong>fratribos&#39;rheosio</strong></span> <span class='ocrx_word' id='word_1_255' title='bbox 799 3222 832 3279; x_wconf 89' lang='lat' dir='ltr'><strong>et</strong></span> <span class='ocrx_word' id='word_1_256' title='bbox 843 3213 976 3294; x_wconf 75' lang='lat' dir='ltr'><strong>Evodio,</strong></span> <span class='ocrx_word' id='word_1_257' title='bbox 994 3214 1110 3294; x_wconf 89' lang='lat' dir='ltr'><strong>legatis</strong></span> <span class='ocrx_word' id='word_1_258' title='bbox 1123 3228 1165 3272; x_wconf 82' lang='lat' dir='ltr'><strong>ex</strong></span> <span class='ocrx_word' id='word_1_259' title='bbox 1179 3207 1261 3272; x_wconf 72' lang='lat' dir='ltr'><strong>cno-</strong></span> 
     </span>
     <span class='ocr_line' id='line_1_33' title="bbox 112 3293 1263 3384; baseline -0.005 -22"><span class='ocrx_word' id='word_1_260' title='bbox 112 3299 290 3383; x_wconf 86' lang='lat' dir='ltr'><strong>thaginensi</strong></span> <span class='ocrx_word' id='word_1_261' title='bbox 307 3301 439 3362; x_wconf 89' lang='lat' dir='ltr'><strong>concilio</strong></span> <span class='ocrx_word' id='word_1_262' title='bbox 458 3301 499 3366; x_wconf 89' lang='lat' dir='ltr'><strong>ad</strong></span> <span class='ocrx_word' id='word_1_263' title='bbox 514 3301 756 3384; x_wconf 85' lang='lat' dir='ltr'><strong>gloriosissimos</strong></span> <span class='ocrx_word' id='word_1_264' title='bbox 772 3297 1088 3383; x_wconf 84' lang='lat' dir='ltr'><strong>religiosissimosque</strong></span> <span class='ocrx_word' id='word_1_265' title='bbox 1105 3293 1263 3377; x_wconf 90' lang='lat' dir='ltr'><strong>principes</strong></span> 
     </span>
     <span class='ocr_line' id='line_1_34' title="bbox 111 3375 1263 3468; baseline -0.006 -21"><span class='ocrx_word' id='word_1_266' title='bbox 111 3385 226 3448; x_wconf 89' lang='lat' dir='ltr'><strong>missis.</strong></span> <span class='ocrx_word' id='word_1_267' title='bbox 247 3383 338 3460; x_wconf 58' lang='lat' dir='ltr'><strong>,Cum</strong></span> <span class='ocrx_word' id='word_1_268' title='bbox 352 3386 466 3448; x_wconf 88' lang='lat' dir='ltr'><strong>domini</strong></span> <span class='ocrx_word' id='word_1_269' title='bbox 479 3385 593 3448; x_wconf 87' lang='lat' dir='ltr'><strong>anxilio</strong></span> <span class='ocrx_word' id='word_1_270' title='bbox 608 3387 765 3468; x_wconf 91' lang='lat' dir='ltr'><strong>piissimos</strong></span> <span class='ocrx_word' id='word_1_271' title='bbox 783 3387 985 3466; x_wconf 86' lang='lat' dir='ltr'><strong>imperatores</strong></span> <span class='ocrx_word' id='word_1_272' title='bbox 1004 3381 1143 3463; x_wconf 87' lang='lat' dir='ltr'><strong>adierint,</strong></span> <span class='ocrx_word' id='word_1_273' title='bbox 1159 3388 1195 3440; x_wconf 91' lang='lat' dir='ltr'><strong>ut</strong></span> <span class='ocrx_word' id='word_1_274' title='bbox 1214 3375 1263 3441; x_wconf 87' lang='lat' dir='ltr'><strong>eis</strong></span> 
     </span>
     <span class='ocr_line' id='line_1_35' title="bbox 112 3460 1264 3554; baseline -0.007 -20"><span class='ocrx_word' id='word_1_275' title='bbox 112 3473 279 3550; x_wconf 88' lang='lat' dir='ltr'><strong>insinuent,</strong></span> <span class='ocrx_word' id='word_1_276' title='bbox 294 3467 552 3552; x_wconf 86' lang='lat' dir='ltr'><strong>quemadmodum</strong></span> <span class='ocrx_word' id='word_1_277' title='bbox 572 3472 665 3554; x_wconf 88' lang='lat' dir='ltr'><strong>plena</strong></span> <span class='ocrx_word' id='word_1_278' title='bbox 680 3471 796 3534; x_wconf 84' lang='lat' dir='ltr'><strong>fiducia</strong></span> <span class='ocrx_word' id='word_1_279' title='bbox 811 3468 983 3534; x_wconf 87' lang='lat' dir='ltr'><strong>secundum</strong></span> <span class='ocrx_word' id='word_1_280' title='bbox 1004 3466 1177 3548; x_wconf 30' lang='lat' dir='ltr'><strong>superioris·</strong></span> <span class='ocrx_word' id='word_1_281' title='bbox 1191 3460 1264 3527; x_wconf 85' lang='lat' dir='ltr'><strong>andi</strong></span> 
     </span>
     <span class='ocr_line' id='line_1_36' title="bbox 113 3553 1264 3643; baseline -0.006 -25"><span class='ocrx_word' id='word_1_282' title='bbox 113 3556 278 3618; x_wconf 85' lang='lat' dir='ltr'><strong>concilium</strong></span> <span class='ocrx_word' id='word_1_283' title='bbox 293 3555 525 3620; x_wconf 85' lang='lat' dir='ltr'><strong>Donatistamm</strong></span> <span class='ocrx_word' id='word_1_284' title='bbox 546 3559 715 3643; x_wconf 75' lang='lat' dir='ltr'><strong>praepositi</strong></span> <span class='ocrx_word' id='word_1_285' title='bbox 736 3557 817 3624; x_wconf 86' lang='lat' dir='ltr'><strong>aotis</strong></span> <span class='ocrx_word' id='word_1_286' title='bbox 837 3553 1074 3636; x_wconf 88' lang='lat' dir='ltr'><strong>municipalibus</strong></span> <span class='ocrx_word' id='word_1_287' title='bbox 1093 3560 1166 3613; x_wconf 90' lang='lat' dir='ltr'><strong>sunt</strong></span> <span class='ocrx_word' id='word_1_288' title='bbox 1183 3567 1264 3612; x_wconf 89' lang='lat' dir='ltr'><strong>con-</strong></span> 
     </span>
     <span class='ocr_line' id='line_1_37' title="bbox 115 3637 1265 3722; baseline -0.006 -19"><span class='ocrx_word' id='word_1_289' title='bbox 115 3639 223 3722; x_wconf 84' lang='lat' dir='ltr'><strong>venti,</strong></span> <span class='ocrx_word' id='word_1_290' title='bbox 246 3646 282 3716; x_wconf 84' lang='lat' dir='ltr'><strong>ut</strong></span> <span class='ocrx_word' id='word_1_291' title='bbox 309 3640 337 3702; x_wconf 87' lang='lat' dir='ltr'><strong>si</strong></span> <span class='ocrx_word' id='word_1_292' title='bbox 365 3641 566 3707; x_wconf 79' lang='lat' dir='ltr'><strong>confiderent</strong></span> <span class='ocrx_word' id='word_1_293' title='bbox 582 3644 622 3706; x_wconf 90' lang='lat' dir='ltr'><strong>de</strong></span> <span class='ocrx_word' id='word_1_294' title='bbox 648 3643 874 3716; x_wconf 81' lang='lat' dir='ltr'><strong>assertionibus</strong></span> <span class='ocrx_word' id='word_1_295' title='bbox 896 3641 980 3721; x_wconf 89' lang='lat' dir='ltr'><strong>suis,</strong></span> <span class='ocrx_word' id='word_1_296' title='bbox 1009 3637 1121 3700; x_wconf 88' lang='lat' dir='ltr'><strong>electis</strong></span> <span class='ocrx_word' id='word_1_297' title='bbox 1141 3655 1185 3700; x_wconf 87' lang='lat' dir='ltr'><strong>ex</strong></span> <span class='ocrx_word' id='word_1_298' title='bbox 1205 3651 1265 3698; x_wconf 85' lang='lat' dir='ltr'><strong>suo</strong></span> 
     </span>
     <span class='ocr_line' id='line_1_38' title="bbox 117 3721 1266 3812; baseline -0.005 -24"><span class='ocrx_word' id='word_1_299' title='bbox 117 3743 245 3788; x_wconf 88' lang='lat' dir='ltr'><strong>numero</strong></span> <span class='ocrx_word' id='word_1_300' title='bbox 268 3723 420 3806; x_wconf 88' lang='lat' dir='ltr'><strong>aliquibus</strong></span> <span class='ocrx_word' id='word_1_301' title='bbox 440 3727 571 3810; x_wconf 88' lang='lat' dir='ltr'><strong>idoneis,</strong></span> <span class='ocrx_word' id='word_1_302' title='bbox 592 3729 755 3792; x_wconf 87' lang='lat' dir='ltr'><strong>nobiseum</strong></span> <span class='ocrx_word' id='word_1_303' title='bbox 774 3727 906 3812; x_wconf 85' lang='lat' dir='ltr'><strong>pacifice</strong></span> <span class='ocrx_word' id='word_1_304' title='bbox 927 3721 1100 3804; x_wconf 81' lang='lat' dir='ltr'><strong>conferrent</strong></span> <span class='ocrx_word' id='word_1_305' title='bbox 1122 3730 1154 3782; x_wconf 89' lang='lat' dir='ltr'><strong>et</strong></span> <span class='ocrx_word' id='word_1_306' title='bbox 1173 3737 1266 3782; x_wconf 86' lang='lat' dir='ltr'><strong>man·-</strong></span> 
     </span>
     <span class='ocr_line' id='line_1_39' title="bbox 113 3805 1268 3896; baseline -0.008 -22"><span class='ocrx_word' id='word_1_307' title='bbox 113 3808 283 3874; x_wconf 89' lang='lat' dir='ltr'><strong>suetudine</strong></span> <span class='ocrx_word' id='word_1_308' title='bbox 304 3811 487 3896; x_wconf 86' lang='lat' dir='ltr'><strong>christiana,</strong></span> <span class='ocrx_word' id='word_1_309' title='bbox 508 3815 536 3876; x_wconf 92' lang='lat' dir='ltr'><strong>si</strong></span> <span class='ocrx_word' id='word_1_310' title='bbox 557 3812 631 3896; x_wconf 91' lang='lat' dir='ltr'><strong>quid</strong></span> <span class='ocrx_word' id='word_1_311' title='bbox 652 3813 795 3876; x_wconf 87' lang='lat' dir='ltr'><strong>veritatis</strong></span> <span class='ocrx_word' id='word_1_312' title='bbox 817 3816 968 3890; x_wconf 88' lang='lat' dir='ltr'><strong>tenerent,</strong></span> <span class='ocrx_word' id='word_1_313' title='bbox 988 3827 1050 3870; x_wconf 90' lang='lat' dir='ltr'><strong>non</strong></span> <span class='ocrx_word' id='word_1_314' title='bbox 1072 3805 1268 3887; x_wconf 81' lang='lat' dir='ltr'><strong>ambigerent</strong></span> 
     </span>
     <span class='ocr_line' id='line_1_40' title="bbox 115 3887 1267 3980; baseline -0.006 -21"><span class='ocrx_word' id='word_1_315' title='bbox 115 3895 344 3978; x_wconf 88' lang='lat' dir='ltr'><strong>demonstrare,</strong></span> <span class='ocrx_word' id='word_1_316' title='bbox 365 3915 428 3980; x_wconf 90' lang='lat' dir='ltr'><strong>quo</strong></span> <span class='ocrx_word' id='word_1_317' title='bbox 449 3897 494 3960; x_wconf 86' lang='lat' dir='ltr'><strong>ita</strong></span> <span class='ocrx_word' id='word_1_318' title='bbox 515 3901 680 3964; x_wconf 83' lang='lat' dir='ltr'><strong>sinceritas</strong></span> <span class='ocrx_word' id='word_1_319' title='bbox 700 3896 866 3978; x_wconf 88' lang='lat' dir='ltr'><strong>catholica,</strong></span> <span class='ocrx_word' id='word_1_320' title='bbox 887 3891 1051 3976; x_wconf 84' lang='lat' dir='ltr'><strong>quaejam</strong></span> <span class='ocrx_word' id='word_1_321' title='bbox 1070 3887 1189 3974; x_wconf 85' lang='lat' dir='ltr'><strong>pridem</strong></span> <span class='ocrx_word' id='word_1_322' title='bbox 1207 3907 1267 3953; x_wconf 89' lang='lat' dir='ltr'><strong>su·</strong></span> 
     </span>
    </p>

    <p class='ocr_par' dir='ltr' id='par_1_9' title="bbox 93 3973 1351 4068">
     <span class='ocr_line' id='line_1_41' title="bbox 93 3973 1351 4068; baseline -0.005 -27"><span class='ocrx_word' id='word_1_323' title='bbox 93 3979 286 4062; x_wconf 25' lang='lat' dir='ltr'><strong>,potioribus</strong></span> <span class='ocrx_word' id='word_1_324' title='bbox 313 3983 504 4066; x_wconf 79' lang='lat' dir='ltr'><strong>temporibus</strong></span> <span class='ocrx_word' id='word_1_325' title='bbox 531 3985 658 4068; x_wconf 86' lang='lat' dir='ltr'><strong>claruit,</strong></span> <span class='ocrx_word' id='word_1_326' title='bbox 684 4002 767 4048; x_wconf 90' lang='lat' dir='ltr'><strong>nuno</strong></span> <span class='ocrx_word' id='word_1_327' title='bbox 792 3999 915 4065; x_wconf 89' lang='lat' dir='ltr'><strong>quoque</strong></span> <span class='ocrx_word' id='word_1_328' title='bbox 936 3998 992 4062; x_wconf 86' lang='lat' dir='ltr'><strong>por</strong></span> <span class='ocrx_word' id='word_1_329' title='bbox 1011 3974 1194 4060; x_wconf 83' lang='lat' dir='ltr'><strong>imperitiam</strong></span> <span class='ocrx_word' id='word_1_330' title='bbox 1214 3973 1268 4036; x_wconf 83' lang='lat' dir='ltr'><strong>vel</strong></span> <span class='ocrx_word' id='word_1_331' title='bbox 1348 3995 1351 4008; x_wconf 90' lang='lat'><em>·</em></span> 
     </span>
    </p>

    <p class='ocr_par' dir='ltr' id='par_1_10' title="bbox 92 4060 1270 4236">
     <span class='ocr_line' id='line_1_42' title="bbox 92 4060 1269 4150; baseline -0.005 -24"><span class='ocrx_word' id='word_1_332' title='bbox 92 4133 97 4145; x_wconf 50' lang='grc'>,</span> <span class='ocrx_word' id='word_1_333' title='bbox 116 4065 316 4146; x_wconf 88' lang='lat' dir='ltr'><strong>pertinaciam</strong></span> <span class='ocrx_word' id='word_1_334' title='bbox 336 4068 557 4134; x_wconf 88' lang='lat' dir='ltr'><strong>resistentibus</strong></span> <span class='ocrx_word' id='word_1_335' title='bbox 576 4072 797 4134; x_wconf 85' lang='lat' dir='ltr'><strong>innotesceret.</strong></span> <span class='ocrx_word' id='word_1_336' title='bbox 825 4065 893 4132; x_wconf 86' lang='lat' dir='ltr'><strong>Sed</strong></span> <span class='ocrx_word' id='word_1_337' title='bbox 910 4066 983 4150; x_wconf 88' lang='lat' dir='ltr'><strong>quia</strong></span> <span class='ocrx_word' id='word_1_338' title='bbox 1003 4060 1174 4128; x_wconf 87' lang='lat' dir='ltr'><strong>diffidentia</strong></span> <span class='ocrx_word' id='word_1_339' title='bbox 1193 4077 1269 4141; x_wconf 88' lang='lat' dir='ltr'><strong>pre-</strong></span> 
     </span>
     <span class='ocr_line' id='line_1_43' title="bbox 117 4145 1270 4236; baseline -0.003 -24"><span class='ocrx_word' id='word_1_340' title='bbox 117 4150 294 4233; x_wconf 88' lang='lat' dir='ltr'><strong>mebantur,</strong></span> <span class='ocrx_word' id='word_1_341' title='bbox 329 4153 404 4217; x_wconf 91' lang='lat' dir='ltr'><strong>nihil</strong></span> <span class='ocrx_word' id='word_1_342' title='bbox 425 4175 507 4236; x_wconf 90' lang='lat' dir='ltr'><strong>pene</strong></span> <span class='ocrx_word' id='word_1_343' title='bbox 529 4157 599 4220; x_wconf 88' lang='lat' dir='ltr'><strong>ausi</strong></span> <span class='ocrx_word' id='word_1_344' title='bbox 619 4163 694 4218; x_wconf 89' lang='lat' dir='ltr'><strong>sunt</strong></span> <span class='ocrx_word' id='word_1_345' title='bbox 713 4151 911 4236; x_wconf 80' lang='lat' dir='ltr'><strong>respondere.</strong></span> <span class='ocrx_word' id='word_1_346' title='bbox 952 4148 1044 4214; x_wconf 89' lang='lat' dir='ltr'><strong>Unde</strong></span> <span class='ocrx_word' id='word_1_347' title='bbox 1065 4148 1138 4234; x_wconf 88' lang='lat' dir='ltr'><strong>quia</strong></span> <span class='ocrx_word' id='word_1_348' title='bbox 1156 4145 1270 4230; x_wconf 89' lang='lat' dir='ltr'><strong>imple·</strong></span> 
     </span>
    </p>

    <p class='ocr_par' dir='ltr' id='par_1_11' title="bbox 92 4231 1299 4410">
     <span class='ocr_line' id='line_1_44' title="bbox 92 4231 1270 4324; baseline -0.004 -27"><span class='ocrx_word' id='word_1_349' title='bbox 92 4308 95 4320; x_wconf 93' lang='lat'>.</span> <span class='ocrx_word' id='word_1_350' title='bbox 117 4245 182 4298; x_wconf 90' lang='lat' dir='ltr'><strong>tum</strong></span> <span class='ocrx_word' id='word_1_351' title='bbox 204 4245 256 4299; x_wconf 89' lang='lat' dir='ltr'><strong>est</strong></span> <span class='ocrx_word' id='word_1_352' title='bbox 277 4256 354 4321; x_wconf 89' lang='lat' dir='ltr'><strong>erga</strong></span> <span class='ocrx_word' id='word_1_353' title='bbox 376 4259 434 4302; x_wconf 89' lang='lat' dir='ltr'><strong>eos</strong></span> <span class='ocrx_word' id='word_1_354' title='bbox 455 4238 636 4324; x_wconf 81' lang='lat' dir='ltr'><strong>episcopale</strong></span> <span class='ocrx_word' id='word_1_355' title='bbox 658 4254 698 4306; x_wconf 79' lang='lat' dir='ltr'><strong>uo</strong></span> <span class='ocrx_word' id='word_1_356' title='bbox 723 4239 890 4322; x_wconf 86' lang='lat' dir='ltr'><strong>pacificum</strong></span> <span class='ocrx_word' id='word_1_357' title='bbox 916 4233 1051 4303; x_wconf 85' lang='lat' dir='ltr'><strong>officium</strong></span> <span class='ocrx_word' id='word_1_358' title='bbox 1099 4231 1197 4296; x_wconf 87' lang='lat' dir='ltr'><strong>atilli</strong></span> <span class='ocrx_word' id='word_1_359' title='bbox 1217 4231 1270 4314; x_wconf 76' lang='lat' dir='ltr'><strong>cpi</strong></span> 
     </span>
     <span class='ocr_line' id='line_1_45' title="bbox 116 4277 1299 4410; baseline -0.004 -28"><span class='ocrx_word' id='word_1_360' title='bbox 116 4319 241 4384; x_wconf 82' lang='lat' dir='ltr'><strong>veritati</strong></span> <span class='ocrx_word' id='word_1_361' title='bbox 271 4323 461 4406; x_wconf 85' lang='lat' dir='ltr'><strong>respondere</strong></span> <span class='ocrx_word' id='word_1_362' title='bbox 493 4327 716 4410; x_wconf 86' lang='lat' dir='ltr'><strong>nequiverunt,</strong></span> <span class='ocrx_word' id='word_1_363' title='bbox 747 4323 789 4390; x_wconf 91' lang='lat' dir='ltr'><strong>ad</strong></span> <span class='ocrx_word' id='word_1_364' title='bbox 820 4325 972 4389; x_wconf 84' lang='lat' dir='ltr'><strong>immanes</strong></span> <span class='ocrx_word' id='word_1_365' title='bbox 1001 4277 1169 4384; x_wconf 78' lang='lat' dir='ltr'><strong>viosentias</strong></span> <span class='ocrx_word' id='word_1_366' title='bbox 1196 4320 1299 4378; x_wconf 54' lang='lat' dir='ltr'><strong>sunt*</strong></span> 
     </span>
    </p>
   </div>
   <div class='ocr_carea' id='block_1_7' title="bbox 118 4461 318 4480">
    <p class='ocr_par' dir='ltr' id='par_1_12' title="bbox 118 4461 318 4480">
     <span class='ocr_line' id='line_1_46' title="bbox 118 4461 318 4480; baseline -0.01 -2"><span class='ocrx_word' id='word_1_367' title='bbox 118 4461 318 4480; x_wconf 50' lang='grc' dir='ltr'><strong>μ</strong></span> 
     </span>
    </p>
   </div>
   <div class='ocr_carea' id='block_1_8' title="bbox 155 4518 1362 4742">
    <p class='ocr_par' dir='ltr' id='par_1_13' title="bbox 155 4489 1362 4742">
     <span class='ocr_line' id='line_1_47' title="bbox 155 4518 1274 4633; baseline -0.021 -45"><span class='ocrx_word' id='word_1_368' title='bbox 155 4521 185 4630; x_wconf 69' lang='lat'><strong>¹)</strong></span> <span class='ocrx_word' id='word_1_369' title='bbox 204 4521 341 4604; x_wconf 59' lang='lat' dir='ltr'><strong>Mettus,</strong></span> <span class='ocrx_word' id='word_1_370' title='bbox 359 4525 386 4578; x_wconf 79' lang='lat'><strong>9.</strong></span> <span class='ocrx_word' id='word_1_371' title='bbox 431 4557 465 4566; x_wconf 88' lang='lat'><strong>-</strong></span> <span class='ocrx_word' id='word_1_372' title='bbox 519 4528 549 4592; x_wconf 70' lang='grc' dir='ltr'>ι)</span> <span class='ocrx_word' id='word_1_373' title='bbox 573 4527 625 4580; x_wconf 74' lang='lat' dir='ltr'><strong>re.</strong></span> <span class='ocrx_word' id='word_1_374' title='bbox 643 4527 695 4588; x_wconf 86' lang='lat' dir='ltr'><strong>oo,</strong></span> <span class='ocrx_word' id='word_1_375' title='bbox 718 4525 745 4586; x_wconf 78' lang='lat' dir='ltr'><strong>o.</strong></span> <span class='ocrx_word' id='word_1_376' title='bbox 788 4553 824 4568; x_wconf 86' lang='lat'><em>-</em></span> <span class='ocrx_word' id='word_1_377' title='bbox 877 4526 907 4591; x_wconf 69' lang='lat' dir='ltr'><strong>a)</strong></span> <span class='ocrx_word' id='word_1_378' title='bbox 933 4524 975 4576; x_wconf 81' lang='lat' dir='ltr'><strong>m</strong></span> <span class='ocrx_word' id='word_1_379' title='bbox 999 4521 1095 4586; x_wconf 68' lang='lat' dir='ltr'><strong>annno</strong></span> <span class='ocrx_word' id='word_1_380' title='bbox 1112 4518 1203 4625; x_wconf 49' lang='lat' dir='ltr'><strong>senff.</strong></span> <span class='ocrx_word' id='word_1_381' title='bbox 1238 4540 1274 4633; x_wconf 53' lang='lat' dir='ltr'><strong>-d-</strong></span> 
     </span>
     <span class='ocr_line' id='line_1_48' title="bbox 174 4587 1362 4742; baseline -0.009 -29"><span class='ocrx_word' id='word_1_382' title='bbox 174 4589 758 4742; x_wconf 54' lang='lat' dir='ltr'><strong>lemnintenderitis:</strong></span> <span class='ocrx_word' id='word_1_383' title='bbox 771 4587 1275 4717; x_wconf 54' lang='lat' dir='ltr'><strong>stitture:inerret:</strong></span> <span class='ocrx_word' id='word_1_384' title='bbox 1361 4619 1362 4624; x_wconf 61' lang='lat'>‘</span> 
     </span>
    </p>
   </div>
   <div class='ocr_carea' id='block_1_9' title="bbox 0 0 1469 5050">
    <p class='ocr_par' dir='ltr' id='par_1_14' title="bbox 0 0 1469 5050">
     <span class='ocr_line' id='line_1_49' title="bbox 0 0 1469 5050; baseline 0 0"><span class='ocrx_word' id='word_1_385' title='bbox 0 0 1469 5050; x_wconf 95' lang='lat' dir='ltr'><strong> </strong></span> 
     </span>
    </p>
   </div>
  </div>
 </body>
</html>
