2912 5060
340 267 620 392 ,necaturum
636 265 908 362 rodhardum
927 299 982 362 rv.
1188 299 1257 364 aar

100 455 252 556 ieh'dissJ‘
279 451 466 560 januariis,
495 449 582 552 quae
604 458 732 552 propter
756 473 890 550 errorem
916 455 1087 614 §orithiam¹
1106 455 1251 555 aguntur,
1352 547 1356 556 p
1380 465 1386 476 “

99 555 224 625 oi'nninc
245 557 381 640 Alleiuja
406 556 468 622 nun
495 552 785 636 decantabitur2),
805 553 835 616 in
864 555 916 633 qui
937 571 976 617 us
1002 551 1096 616 etiam
1125 551 1257 635 praeter

100 649 223 732 piscem
244 655 279 708 et
301 647 390 728 olus,
416 645 501 706 sicut
522 642 553 704 in
574 637 682 718 iliis³J
707 635 913 721 quadraginta
935 635 1064 720 diebus,
1089 638 1206 704 ceteris
1214 639 1249 722 ⁴]

99 721 244 796 carnibus
272 731 448 810 abstinetur
475 735 509 789 et
536 745 556 788 a
584 717 769 806 quibusdam
797 725 893 785 etiam
921 741 981 785 nec
1002 723 1108 786 uinum
1127 726 1250 792 bibitur.

100 809 137 898 Si
165 817 235 898 quis
260 811 358 900 igitur
386 811 556 896 episcopus
582 819 637 871 aut
664 811 832 892 presbyter
853 817 909 870 aut
929 801 1080 872 diaconus
1101 821 1157 875 aut
1177 813 1251 893 qui-.-

99 905 175 964 libet
196 921 239 962 ex
261 901 368 962 ordine
391 899 574 960 clericorum
595 895 689 958 fuerit
711 903 855 976 repertus
861 939 871 975 ,
901 895 953 976 qui
980 895 1249 960 arbitriumsuum

97 987 172 1050 huic
205 984 423 1060 constitutioni
455 982 605 1044 aestimat
634 979 892 1062 praeferendum,
924 979 1039 1042 ordinis
1067 982 1116 1042 sui
1144 982 1249 1046 officio

99 1091 208 1138 carere
231 1064 366 1156 cogatur
385 1066 466 1151 ὀμ)
487 1065 749 1213 communippppt)
778 1063 921 1146 ejusdem
940 1066 1083 1148 paschae
1103 1067 1252 1153 privetur.

183 1240 218 1303 in
235 1235 418 1324 quibusdam
437 1225 658 1316 Hispaniarum
680 1233 827 1297 ecclesiis
846 1231 959 1297 laudes
979 1243 1053 1318 post
1075 1219 1250 1319 apostolum

99 1327 308 1390 decantantur
337 1325 518 1408 priusquam
546 1319 746 1404 evangelium
774 1317 988 1402 praedicetur,
1017 1320 1090 1384 dum
1112 1342 1252 1392 canones

100 1409 346 1494 praecipienti)
367 1415 442 1492 post
463 1407 640 1488 apostolum
661 1425 722 1468 non
743 1403 854 1467 iaudes
874 1403 933 1486 sed
955 1409 1156 1489 evangelium
1176 1429 1252 1491 pro-

100 1500 242 1560 nuntiare
254 1497 304 1578 8);
333 1493 548 1578 praesumptio
570 1499 623 1553 est
645 1491 727 1552 enim
748 1501 784 1553 ut
805 1499 1034 1571 anteponantur
1045 1492 1079 1570 ⁹)
1107 1513 1146 1556 ea
1168 1514 1251 1576 quae

100 1583 192 1664 sequi
217 1581 352 1663 debent,
381 1599 454 1644 nam
482 1575 593 1640 laudes
614 1574 686 1638 ideo
709 1577 909 1660 evangelium
930 1571 1103 1658 sequuntur
1123 1590 1251 1662 propter

101 1669 232 1752 gioriam
254 1663 373 1730 Christi
402 1683 485 1746 quae
507 1661 670 1745 peridem
694 1661 893 1744 evangelium
920 1661 1138 1746 praedicatur,
1167 1665 1254 1728 circa

101 1771 211 1815 omnes
231 1754 326 1836 igitur
346 1750 532 1813 sacerdotes
552 1749 606 1810 hic
628 1747 702 1810 ordo
725 1747 877 1827 deinceps
898 1748 1085 1831 retineatur;
1119 1769 1253 1813 excom·

99 1838 319 1922 manicationis
344 1855 478 1920 poenam
505 1833 701 1916 suscepturi,
731 1833 784 1916 qui
812 1833 896 1895 hunc
922 1833 1060 1895 ordinem
1087 1839 1253 1918 perturba·
1367 1919 1370 1925 Ι

98 1925 210 1990 verint.
266 1996 270 2004 ¹

631 2002 714 2066 xllt

182 2093 232 2156 De
260 2087 386 2176 hymnis
417 2080 526 2152 cittii*
542 2079 695 2174 canendis
723 2096 758 2152 et
784 2085 953 2152 salvatoris
980 2097 1014 2150 et
1042 2081 1252 2171 apostolomm

99 2171 251 2242 habemus
276 2177 482 2268 exemplum,
500 2249 503 2256 ,
519 2186 597 2237 nam*
626 2181 660 2236 et
691 2173 762 2256 ipse
779 2171 932 2263 rdominus
958 2168 1108 2255 hymnum
1129 2177 1254 2258 ,dixisse

99 2256 310 2345 p'erhibetnr‘,¹
335 2251 503 2325 Matthaeo
533 2254 735 2344 euangelista
761 2266 924 2322 testante:
963 2259 1011 2323 Er
1032 2262 1144 2342 hymno
1166 2264 1253 2328 dicto

102 2351 306 2428 externario
327 2356 463 2410 montem
489 2343 626 2420 oliveti,
656 2353 691 2406 ct
709 2343 828 2406 Paulus
850 2346 1014 2425 apostolus
1036 2349 1076 2410 ad
1095 2349 1255 2428 Ephesios

99 2435 229 2518 scripsit
250 2433 380 2513 dicens:
406 2419 591 2514 implemini
607 2432 725 2512 spirito
746 2430 906 2512 loquentes
928 2450 982 2492 vos
1004 2434 1039 2492 in
1063 2432 1199 2514 psalmis
1221 2441 1254 2498 et
1341 2451 1347 2454 ·

102 2518 225 2600 hymnis
252 2515 524 2599 coerctionem)
550 2513 781 2598 spiritualibus.
824 2516 868 2577 Et
894 2517 968 2596 quia
993 2519 1130 2578 nonnulli
1146 2513 1256 2602 hymni

102 2606 238 2668 humano
265 2603 369 2666 studio
399 2605 430 2664 in
458 2603 584 2664 laudem
605 2600 656 2663 dei
677 2609 774 2684 atque
794 2602 1004 2682 apostolorum
1027 2611 1061 2664 et
1083 2611 1255 2688 martyrum

102 2691 276 2770 triumphos
298 2689 465 2770 compositi
485 2705 560 2750 esse
582 2694 771 2767 noscuntur,
802 2685 887 2748 sicut
914 2687 946 2748 hi
972 2703 1052 2767 quos
1079 2687 1272 2770 beatissimi¹

102 2775 251 2840 doctores
272 2775 409 2838 Hilarius
431 2772 528 2856 atque
549 2773 738 2847 Ambrosius
758 2768 938 2854 ediderunt,
958 2791 1038 2854 quos
1053 2782 1160 2854 tamen
1182 2775 1255 2858 qui-

102 2862 175 2926 dam
196 2861 377 2942 specialiter
397 2860 564 2941 reprobant
586 2873 641 2944 pro
663 2876 703 2920 eo
725 2856 809 2939 quod
829 2855 870 2919 de
890 2855 1054 2938 scripturis
1073 2868 1255 2926 sanctorum

103 2965 258 3011 canonum
277 2947 331 3007 vel
353 2945 530 3025 apostolica
550 2943 718 3006 traditione
739 2961 802 3006 non
823 2943 980 3026 existunt3
1005 2955 1156 3024 respuant
1176 2967 1254 3030 ergo

105 3042 139 3095 et
166 3033 250 3092 illum
279 3031 429 3114 hymnum
459 3029 499 3091 ab
526 3029 702 3092 hominibus
730 3029 962 3110 compositum,
995 3030 1089 3110 quern
1116 3033 1256 3118 quotidie

106 3118 231 3200 publico
258 3117 445 3196 privatoque
474 3111 577 3176 officio
597 3115 630 3176 in
655 3113 717 3176 iinc
739 3115 874 3194 omnium
894 3115 1082 3194 psalmorum
1102 3113 1252 3184 dicimus:
1270 3183 1274 3194 ,

105 3196 215 3267 Gloria
236 3209 269 3264 et
290 3202 388 3264 honor
408 3199 489 3282 patri
510 3207 544 3262 et
564 3199 627 3262 filio
649 3209 684 3262 et
705 3199 826 3280 spiritui
843 3208 956 3261 sancto
977 3201 1008 3261 in
1028 3203 1158 3266 saecula
1178 3223 1257 3266 sae-

107 3289 254 3351 cuiorum.
294 3287 408 3348 Amen.
450 3287 534 3348 Nam
563 3293 597 3347 et
622 3285 674 3346 ilie
701 3285 853 3365 hymnus.
879 3303 972 3365 quem
999 3294 1074 3346 nato
1101 3287 1132 3348 in
1160 3307 1256 3351 carne

104 3374 232 3438 Christo
254 3371 360 3454 angeli
380 3364 596 3434 cecinerunt:
635 3369 747 3430 Gloria
767 3371 803 3431 ia
825 3369 955 3431 eccelsia
977 3370 1035 3432 deo
1058 3378 1090 3433 et
1112 3374 1147 3434 in
1168 3381 1256 3438 torro

98 3470 168 3542 pac
189 3457 365 3545 hominibus
387 3455 487 3518 borrae
510 3453 705 3538 voluntatis,
731 3463 767 3516 et
793 3455 911 3536 reliqua
939 3474 1021 3538 quae
1051 3457 1092 3519 ibi
1114 3471 1275 3545 sequun-⁸

104 3538 415 3623 tur,·e‘cclesia''stioi
443 3541 591 3602 doctores
620 3547 870 3622 composuerunt.
912 3540 997 3624 Ergo
1025 3561 1086 3606 nec
1113 3543 1196 3607 idem
1224 3547 1277 3622 iu⁴

104 3627 260 3690 ecclesiis·
274 3625 434 3708 cauendus
456 3634 508 3687 est
522 3624 591 3708 ¹¹),
617 3626 691 3708 quia
715 3626 747 3687 in
774 3633 954 3688 sanctarum
974 3627 1195 3709 scripturarum
1215 3631 1258 3692 li-

103 3713 168 3776 bris
189 3731 251 3776 non
271 3703 417 3788 est'¹²)i
460 3709 695 3792 componuntur
719 3729 796 3792 ergo
817 3711 934 3793 hymni,
954 3713 1039 3775 sicut
1061 3730 1257 3794 componun·

104 3808 155 3861 tur
176 3799 293 3884 missae
314 3793 384 3856 sive
396 3814 518 3880 preces
538 3797 593 3856 vel
614 3796 773 3858 orationes
795 3797 865 3858 sive
887 3797 1175 3864 commendationes
1196 3819 1258 3862 seu

104 3882 217 3946 manus
239 3881 470 3968 impositiones,
498 3899 540 3942 ex
562 3881 673 3962 quihus
697 3881 726 3942 si
747 3881 831 3942 nulla
850 3878 1060 3962 dicanturli)
1087 3884 1118 3945 in
1146 3887 1279 3960 eccle-,‚

104 3970 163 4032 sia'
206 3971 328 4029 vacant
354 3963 459 4044 officia
485 3967 596 4036 omnia,
619 3965 851 4048 ecclesiastica.-
879 3965 1057 4042 ,Admonet
1082 3967 1164 4033 haec
1190 3968 1268 4048 fieri,

103 4013 205 4134 atqie
229 4045 373 4114 h'd'r'tatur
397 4047 599 4114 'fimo'thoum
627 4053 790 4134 apostolus
818 4048 948 4116 dicens:
993 4051 1126 4116 Obsecro
1154 4047 1258 4139 igitur

136 4266 175 4408 ἑὲ
183 4269 472 4408 zelcl'eqt‘aetauiiimf-a'
489 4270 526 4408 Μ’
538 4265 690 4404 oro-linio?
698 4266 976 4406 immutandis&
982 4271 1259 4408 inssdplpphtppem}

139 4409 170 4477 θ)
188 4426 206 4458 c
221 4416 394 4476 concreatione
410 4411 449 4462 M.
484 4437 521 4452 -
556 4407 585 4492 i)
598 4411 763 4492 praecipiunt
778 4407 817 4459 M.
848 4435 907 4460 -ψ
920 4407 949 4477 ⁸)
964 4418 1117 4471 anamim
1134 4406 1166 4470 c'.
1181 4415 1259 4487 Hispa

138 4475 770 4618 nitidi?&utititas
785 4475 1215 4620 tissimi,
1230 4501 1258 4606 .-;.

175 4618 289 4678 ecclesiis
306 4619 414 4672 tentandi
429 4626 488 4674 gum
505 4618 550 4684 ᾖξ’.
569 4615 656 4686 θζΜ,
677 4641 724 4680 „0:-
757 4614 956 4682 ΔΗ)ι“111>θ,111’1111’
972 4619 1020 4684 M„
1036 4625 1198 4674 moraremur
1213 4623 1258 4674 Ε..
1314 4617 1317 4623 ’

175 4691 202 4739 et
221 4685 248 4740 in
267 4688 357 4742 mhi.
396 4715 433 4730 -
484 4687 533 4755 Η)
550 4667 713 4738 decoateatrdr
728 4684 756 4738 in
774 4700 808 4735 nr.
826 4683 863 4736 Μ.
897 4715 931 4726 -
1076 4709 1080 4722 «

989 4769 1061 4838 ia*
