2912 5060
232 273 296 341 238
336 293 342 303 ·
400 204 403 212 Ι
497 264 743 338 CONClIrlUM
772 263 1042 336 counradum
1060 264 1116 336 Vl.

222 443 459 508 :deliberatione
486 459 557 504 cnm
575 441 608 519 1)
637 459 835 524 quocumque
857 449 909 504 est
935 440 1123 522 meditatum,
1147 435 1310 500 hocrslbl
1338 450 1408 497 no-

168 586 171 593 .
222 534 319 593 verit
347 549 422 591 esse
451 527 640 590 sacerdotali
667 527 1107 605 moderatione-concessum,
1136 532 1171 585 ut
1192 521 1404 585 veniabiliter

236 614 385 698 possiet)
413 615 475 676 hoc
503 615 572 675 aine
592 631 678 674 mora
698 613 877 692 praesentis
897 612 1045 692 principis
1066 611 1192 672 auribus
1209 607 1402 689 publicare:

230 703 271 781 usi
293 708 398 762 autern
424 699 581 760 obstinata
601 697 824 760 deliberatione
845 696 950 774 sua³)
977 695 1227 770 machinamenta
1254 693 1401 754 noluerit

237 785 360 865 dicere,
389 784 526 866 pessimo
556 784 713 864 plectatur
742 781 951 844 anathemate.
1007 781 1101 864 Rege
1131 797 1208 843 vero
1238 778 1400 840 defuncto

238 871 340 934 nullus
360 869 522 952 tyrannica
542 867 795 950 praesumptione
814 885 945 950 regnum
966 875 1116 948 assumat,
1138 865 1241 928 nullus
1259 865 1324 926 sub
1341 883 1398 926 re-

222 955 362 1039 ligionis
389 955 497 1016 habitu
524 954 677 1016 detonsus
706 962 761 1014 aut
788 954 920 1033 turpiter
948 951 1135 1014 decalvatus
1163 959 1217 1012 aut
1237 949 1394 1012 servilem

236 1039 387 1124 originem
407 1039 537 1101 trahens
554 1040 608 1100 vel
629 1047 800 1100 extraneae
822 1038 929 1120 gentis
949 1037 1059 1116 home,
1092 1035 1154 1099 nisi
1174 1053 1293 1125 genere
1319 1033 1395 1098 Go-

236 1127 314 1188 thus
334 1133 367 1186 et
386 1125 522 1186 moribus
544 1123 658 1207 dignus
678 1121 914 1208 provehatur⁴)
942 1122 983 1184 ad
1005 1123 1126 1202 apicem
1147 1124 1253 1204 regni3
1283 1129 1395 1182 teme-

224 1219 320 1274 ·rator
341 1217 447 1271 arrtem
473 1207 565 1290 hujus
586 1208 819 1290 praeceptionis
841 1207 1064 1288 sanctissimae
1085 1208 1214 1270 feriatur
1232 1215 1394 1290 perpetuo

238 1295 449 1358 anathemate.

321 1461 396 1526 Jam
415 1459 540 1544 quidem
561 1463 591 1523 in
612 1374 1003 1525 antecedgrlllffniversali
1025 1457 1192 1542 synodo'ii
1205 1475 1261 1539 pro
1282 1460 1392 1522 salute

238 1557 412 1611 nostrornm
432 1549 604 1629 principum
625 1553 752 1609 constat
779 1563 853 1607 esse
874 1547 1066 1625 consultum,
1095 1544 1153 1606 sed
1174 1545 1252 1606 libet
1267 1545 1391 1607 iterare

225 1635 320 1696 ‘bene
346 1633 469 1696 'sancita
499 1642 532 1695 et
560 1633 656 1715 digna
679 1633 871 1716 auctoritate
901 1633 1020 1692 munire
1041 1631 1204 1692 salubriter
1222 1629 1389 1714 ordinata3

234 1717 373 1800 ideoque
403 1725 617 1782 contestamur
647 1735 751 1780 coram
783 1715 843 1778 deo
875 1724 909 1777 et
940 1717 1022 1777 omni
1054 1715 1161 1777 ordine
1190 1715 1387 1797 angelorum,

188 1815 198 1826 ·
239 1809 343 1868 coram
370 1804 591 1885 prophetarum
617 1812 713 1884 atque
740 1803 952 1882 apostolorum
980 1799 1034 1862 vel
1060 1802 1195 1862 omnium
1216 1809 1387 1883 martyrum

224 1890 352 1969 choro,
380 1907 485 1950 coram
515 1889 598 1950 omni
621 1889 760 1950 ecclesia
781 1887 937 1948 catholica
959 1893 992 1948 et
1013 1885 1257 1949 Christianorum
1278 1896 1386 1968 coetu,

238 1982 274 2035 ut
294 1991 386 2034 nemo
407 1974 549 2036 intendat
569 1974 601 2033 in
621 1973 782 2034 interitum·
800 1971 896 2052 regis,
913 1989 1005 2032 nemo
1020 1972 1119 2032 vitam
1134 1973 1282 2052 p'rincipis
1303 1991 1384 2034 nece

225 2057 400 2136 attrectet,
421 2077 512 2118 nemo
533 2057 622 2138 regni
643 2075 714 2118 eum
735 2056 955 2138 gubernaculis
972 2058 1084 2138 privet,
1106 2077 1197 2118 nemo
1218 2057 1384 2139 tyrannica

183 2137 187 2148 '
224 2167 229 2177 .,
237 2142 491 2223 praesumptione
512 2144 634 2222 apicem
654 2143 743 2223 regni
751 2139 789 2218 ,1)
817 2140 921 2218 nibil)
949 2151 1097 2222 usurpet,
1126 2161 1218 2204 nemo
1244 2143 1382 2224 quolibet

238 2227 488 2289 machinamento
508 2227 539 2288 in
562 2225 631 2306 ejus
651 2226 877 2288 adversitatem
888 2226 996 2306 ⁸)gsihi
1014 2225 1240 2307 conjuratorum
1258 2239 1381 2290 manum

237 2313 396 2374 associet.a
430 2307 577 2388 Quodsi
604 2313 633 2372 in
661 2311 818 2393 quidpiam
831 2309 865 2389 1)
893 2312 999 2373 horum
1022 2314 1185 2394 quisquam
1205 2322 1380 2376 nostrorum

192 2465 196 2470 ,
237 2397 401 2458 temerario
430 2415 510 2458 ausu
538 2406 757 2478 praesumptor
785 2397 925 2458 extiterit
938 2398 1009 2479 1-1),
1046 2399 1247 2460 anathemate
1276 2399 1379 2460 divino

234 2483 400 2564 perculsus
429 2483 549 2563 absque
577 2483 639 2544 ullo
661 2479 789 2544 remedii
810 2482 880 2544 loco
900 2483 1053 2544 habeatur
1073 2484 1300 2546 condemnatus
1322 2505 1379 2546 ae-

139 2599 147 2620 <
173 2635 179 2644 ,
233 2577 323 2630 terno
347 2566 483 2648 judicio:
509 2568 538 2628 is
566 2576 690 2648 autem,
716 2567 769 2648 qni
796 2565 865 2646 ejus
891 2569 1000 2630 sedem
1022 2569 1115 2630 fuerit
1134 2567 1324 2650 assecutus,
1351 2570 1378 2631 si

112 2709 115 2718 .
233 2655 303 2714 vult
316 2659 411 2718 ‚tanto
433 2651 551 2734 expiari
571 2654 694 2733 piaculo
707 2651 771 2732 11),
786 2651 877 2732 quasi
895 2655 1009 2734 proprii
1030 2655 1128 2736 patris
1150 2654 1218 2734 ejus
1239 2656 1377 2716 ulcisca-

225 2746 285 2800 -tur'
302 2737 477 2819 interitum,
505 2739 536 2798 in
554 2738 648 2818 cujus
668 2737 858 2800 defensionis
876 2741 1027 2801 auxilium
1040 2738 1094 2817 11)
1122 2739 1260 2802 universi
1288 2739 1376 2822 regni

234 2821 410 2885 Gothorum
427 2825 605 2886 consentiat
619 2822 784 2902 fortitud03
804 2823 833 2884 si
854 2832 960 2886 autem
980 2823 1082 2887 desidi
1101 2842 1177 2888 cura
1188 2823 1242 2903 11)
1264 2833 1298 2887 et
1316 2825 1377 2887 mi-

233 2909 299 2970 nori
318 2909 390 2970 zelo
410 2915 475 2969 tam
496 2908 655 2970 lirnestum
675 2907 828 2970 noluerint
847 2909 1007 2973 vindicare
1027 2908 1152 2992 sceluS,
1178 2909 1242 2972 sint
1269 2927 1376 2974 ornnes

231 2991 340 3074 exst)
361 3001 470 3056 nostra
488 2995 647 3056 sententia
669 2993 863 3076 opprobrium
883 2997 1000 3058 ceteris
1020 2995 1179 3080 gentibus.
1276 3073 1282 3088 ἢ

316 3160 377 3222 His
398 3162 539 3224 omnibus
560 3163 619 3226 rite
640 3161 802 3247 diapositis
823 3170 858 3223 et
878 3161 1022 3226 diuturna
1041 3163 1207 3226 collatione
1223 3161 1375 3225 delibera-

229 3245 273 3307 tis
285 3291 295 3326 ,
335 3245 607 3330 benedictionem,
648 3249 777 3330 gloriam
815 3255 849 3309 et
882 3248 1048 3310 honorem*
1065 3248 1210 3310 invisibili
1241 3249 1373 3312 omniun

222 3331 352 3392 auctori
372 3333 570 3412 rependimus
590 3335 738 3395 luminum
758 3331 855 3414 patri,
885 3341 918 3395 et
939 3334 970 3395 in
991 3335 1041 3396 his
1061 3330 1286 3396 conservandis
1305 3331 1373 3413 ejus

229 3415 427 3494 imploramus
449 3437 540 3498 opem
561 3417 721 3501 suffragii,
746 3428 782 3480 ut
804 3419 1079 3482 constitutionibus
1099 3419 1214 3480 nostris
1234 3419 1373 3480 roborem

221 3501 343 3575 ‘tribum
362 3515 442 3562 suae
461 3504 588 3564 virtutis
601 3503 655 3581 11)
676 3503 940 3586 fragilitatemque
961 3505 1128 3566 humanam
1144 3505 1190 3566 ita
1210 3503 1284 3567 huic
1304 3503 1369 3566 dis-

225 3583 374 3670 positie‘ni
394 3585 505 3648 reddat
527 3587 692 3649 efficacem
706 3587 777 3670 1-1),
798 3596 917 3651 utnon
930 3588 1055 3673 judicet
1074 3587 1369 3670 praevaricatricem.

227 3668 298 3731 Nos
320 3670 415 3753 igitur
435 3673 538 3734 omnia
558 3671 785 3754 suprascripta,
805 3674 897 3736 salva
917 3677 1104 3738 auctoritate
1124 3675 1294 3755 priscorum
1314 3689 1370 3735 ca-

221 3769 350 3836 noniam,
371 3756 600 3839 subscriptione
620 3765 728 3819 nostra
748 3757 916 3843 firmamus,
939 3769 973 3822 et
993 3761 1114 3842 gratias
1133 3760 1257 3842 agimus
1276 3759 1372 3822 Chri-

155 3871 157 3884 ·
223 3840 417 3902 stianissimo
455 3851 489 3904 et
522 3843 748 3926 gloriosissimo
780 3843 958 3906 chintilano
974 3844 1031 3923 11)
1066 3844 1135 3929 regi
1152 3843 1207 3922 ¹⁸)
1230 3843 1370 3924 principi

219 3934 348 4005 nostro,
370 3925 460 4006 cnjus
479 3927 586 3991 studio
607 3929 756 3992 advocati
777 3937 810 3992 ct
830 3929 981 3993 instantia
999 3947 1110 3994 sumus
1131 3930 1265 4012 collecti,
1276 3927 1368 4010 cujum
1435 3933 1436 3936 ’

222 4068 422 4082 *m*—

192 4183 194 4189 .
259 4140 288 4208 1)
304 4141 332 4222 in
348 4138 376 4192 in
393 4157 427 4193 nr.
444 4140 497 4258 M3b
516 4169 565 4224 ''⁹.
593 4143 622 4226 2)
639 4147 664 4197 ar·
680 4144 841 4228 veniabiliter·
857 4147 939 4214 poscit
956 4147 1021 4200 ibid.
1056 4128 1116 4186 -'
1137 4101 1166 4212 3)
1182 4145 1209 4197 ai
1224 4152 1307 4220 nutem
1321 4159 1366 4196 ee-

258 4209 622 4360 cantitanti
637 4215 872 4350 “illinit
888 4215 1365 4354 nutrimenta:

257 4346 609 4432 ⁸)odoersituternm.hl.
643 4385 678 4396 -
715 4353 744 4420 ο)
764 4355 927 4436 inemptum
944 4358 982 4410 M.
1016 4379 1052 4434 -j
1084 4355 1135 4421 10)
1151 4361 1276 4430 aarum
1291 4368 1364 4422 proe-

252 4421 579 4552 nimi'll'affldaid.
593 4422 1002 4558 N-*rrppppprppMa'rp
1025 4423 1364 4562 darlzirfffflaa

125 4559 132 4569 “
235 4559 923 4691 ‘arumna
951 4593 994 4604 ·-·
1020 4565 1069 4630 .,
1089 4561 1361 4680 cerev
