2880 5050
327 259 571 330 contemtum
597 257 967 330 nonsummum·
1153 261 1218 334 stt

5 551 12 593 ι
152 521 188 586 ln
215 519 341 584 nomine
370 519 498 603 gloriosi
528 517 644 582 domini
669 520 768 582 nostri
792 520 914 604 Elrvigii
941 522 1027 604 regis
1047 521 1136 604 primi
1153 520 1221 587 diet

5 619 11 678 t
64 606 211 693 synodali
241 605 370 669 exordio
389 604 423 683 ¹)
454 605 699 668 consedentibus
731 605 891 687 episcopis
919 617 1016 688 atque
1044 610 1220 673 senioribus

7 725 10 766 2
67 695 175 778 palatii
195 693 360 772 universis,
381 691 488 754 habita
507 691 637 771 primum
659 699 710 752 est
730 692 772 753 de
791 701 906 754 sancta
924 695 1062 755 trinitate
1082 696 1219 778 collatio,

5 813 10 852 i
69 801 131 844 non
158 797 239 863 quae
265 779 390 840 novelle
420 778 612 840 exarationis
626 776 660 855 ²)
690 778 765 838 stilo
786 777 914 840 definita
933 788 1130 862 patesceret,
1161 782 1221 846 scd

5 900 8 944 ,—
70 886 152 949 quae
182 866 288 928 verbis
304 863 338 941 ⁸)
363 863 615 943 simplicioribus
647 881 723 924 sese
753 863 852 946 pigris
884 865 1029 926 sensibus
1060 868 1222 948 patefacto

5 955 8 1026 i
67 959 274 1032 monstraret,
294 951 348 1012 ubi
368 949 542 1030 praemissa
561 967 687 1028 semper
706 948 802 1009 lectio
821 950 1036 1033 praecederet,
1058 953 1141 1034 quod
1162 973 1222 1017 se·

5 1075 7 1110 r
70 1057 173 1120 quens
201 1037 358 1116 expositio
388 1035 530 1115 aperiret.
589 1033 767 1096 Credentes
794 1037 910 1115 pariter
938 1045 973 1098 et
998 1037 1151 1102 docentes
1180 1040 1222 1106 do

72 1124 185 1186 eadem
206 1130 337 1184 sanctae
358 1117 431 1182 fidei
459 1120 595 1200 puritate
615 1119 763 1200 quidquid
783 1122 971 1204 evangelica
992 1131 1027 1184 et
1047 1127 1223 1206 apostolica

72 1207 198 1272 traditio
227 1208 352 1286 sanxit,
389 1204 538 1286 quidquid
567 1213 680 1267 sancta
707 1205 849 1286 synodus
876 1209 1019 1271 Nicaena
1049 1213 1222 1295 constituit,

72 1291 221 1378 quidquid
247 1291 594 1370 Constantinopolitano
621 1299 743 1370 patrum
769 1302 951 1374 aggregata
977 1295 1122 1359 collectio
1147 1317 1224 1378 pro-

72 1379 242 1462 mulgavit,
270 1377 419 1458 quidquid
444 1375 598 1456 Ephesini
625 1384 738 1437 coetus
767 1376 905 1438 definitio
927 1379 1035 1442 docuit
1048 1382 1099 1463 ⁴),
1129 1383 1224 1465 quid-

73 1465 148 1548 quid
168 1465 265 1526 etiam
286 1462 556 1526 Chalcedonensis
577 1461 701 1522 concilii
727 1464 932 1545 promulgatio
953 1465 1111 1549 definivit,
1139 1470 1224 1532 sicut

72 1552 238 1614 multorum
259 1549 385 1610 aliorum
406 1547 629 1612 catholicorum
641 1546 676 1626 ⁵)
701 1555 823 1624 patrum
844 1549 1041 1613 documentis
1061 1553 1093 1615 id
1114 1573 1226 1617 sacra-

73 1645 213 1704 mentum
234 1635 409 1714 expositum
435 1633 646 1713 traditumque
672 1633 762 1694 nobis
790 1637 990 1718 accepimus,
1017 1639 1101 1701 sicut
1128 1641 1226 1703 etiarn

76 1724 108 1783 in
141 1721 304 1785 missarum
336 1719 496 1782 solemniis
527 1717 644 1801 patulis
672 1718 906 1783 confessionum
934 1723 1067 1786 vocibus
1099 1726 1226 1806 procla-

74 1823 214 1870 mamus:

160 1888 324 1956 Credimus
352 1889 385 1950 in
409 1905 504 1950 unum
531 1885 624 1952 deum
652 1895 775 1969 patrem
803 1891 1048 1974 omnipotentem
1074 1894 1227 1960 factorem

77 1977 159 2040 coeli
181 1984 215 2038 et
235 1984 337 2036 terrae
358 1983 421 2036 etc.
442 1973 490 2054 (v.
511 1994 585 2058 pag.
604 1973 696 2053 271.)
738 2007 782 2020 ·-

161 2063 241 2124 Post
265 2059 399 2141 pacifica
418 2060 515 2142 igitur
536 2059 629 2140 hujus
649 2069 782 2124 sauctae
803 2058 877 2123 fidei
898 2064 1179 2128 conclamationum
1191 2063 1227 2147 ⁸)

74 2147 181 2210 studia
207 2147 259 2208 illa
279 2164 317 2208 se
337 2145 469 2226 primum
490 2147 607 2208 nostris
628 2148 776 2210 sensibus
796 2147 942 2211 salutaris
962 2152 1101 2233 cognitio
1124 2171 1230 2235 agno·

73 2233 226 2296 scendam
253 2233 394 2313 invexit,
426 2250 508 2312 quae
537 2240 625 2294 tanto
655 2233 752 2294 corda
783 2234 918 2296 omnium
948 2236 1058 2300 ardore
1088 2239 1230 2301 caritatis

75 2315 306 2398 adstrinxit'),
342 2326 458 2396 quanto
485 2335 523 2380 se
551 2317 662 2380 eadem
675 2319 709 2397 ⁸)
738 2321 810 2397 ipsa
838 2321 977 2401 cognitio
1006 2323 1037 2383 in
1067 2333 1229 2386 conventu

76 2403 234 2485 generalis
264 2403 386 2464 concilii
413 2403 681 2482 praenoscendam
709 2403 859 2464 exhibuit.
921 2405 1047 2468 Etenim
1077 2410 1136 2470 sub
1166 2427 1230 2490 qua

76 2506 159 2570 pace
174 2487 209 2567 ⁹)
236 2487 290 2549 vel
319 2487 424 2550 ordine
452 2489 673 2552 serenissimus
698 2489 848 2572 Ervigius
870 2489 1017 2571 princeps
1038 2494 1128 2574 regni
1149 2511 1232 2554 con·

77 2572 237 2637 scenderit
272 2572 414 2654 culmen,
450 2573 663 2658 regnandique
696 2594 753 2654 per
788 2583 1023 2663 sacrosanctam
1052 2578 1231 2639 unctionem

77 2659 256 2740 susceperit
283 2666 490 2740 potestatem,
518 2667 648 2722 ostensa
667 2677 728 2722 nos
747 2660 970 2740 scripturarum
991 2661 1150 2724 evidentia
1170 2662 1235 2724 do-

77 2753 131 2808 cet
150 2744 224 2824 ¹⁰):
260 2743 292 2805 in
320 2745 432 2825 quibus
468 2752 503 2806 et
535 2745 756 2826 praecedentis
785 2745 1049 2826 Wambanis11)
1083 2747 1234 2830 principis

74 2829 289 2914 poenitentiae
317 2830 481 2910 susceptio
509 2831 668 2911 noscitur,
699 2839 732 2891 et
758 2832 930 2893 translatus
956 2833 1046 2914 regni
1073 2833 1171 2896 honor
1199 2834 1233 2897 in

75 2915 170 2998 hujus
197 2913 298 2977 nostri
322 2915 471 2996 principis
498 2917 624 2978 nomine
653 2915 821 2978 derivatur.
867 2915 954 2978 ldem
980 2918 1063 2980 enim
1089 2919 1232 2982 Watnba

78 3003 226 3083 princeps
257 2999 331 3062 dum
359 3000 546 3064 inevitabilis
573 3001 818 3064 necessitudinis
845 3010 1006 3064 teneretur
1022 3002 1077 3082 ¹²)
1104 3012 1233 3087 eventu,

78 3093 232 3165 suscepto
259 3085 417 3169 religionis
444 3087 550 3150 debito
580 3088 668 3150 cultu
696 3095 730 3148 et
755 3087 925 3150 venerabili
952 3096 1098 3152 tonsurae
1119 3108 1233 3152 sacrae

78 3170 263 3256 signaculo,
292 3189 367 3232 mox
393 3191 448 3252 per
469 3173 656 3254 scripturam
674 3172 860 3235 definitionis
881 3192 960 3236 suae
979 3174 1063 3236 hunc
1081 3174 1234 3257 inclytum

79 3255 237 3320 dominum
263 3264 403 3319 nostrum
423 3257 588 3341 Ervigium
607 3267 681 3339 post
702 3277 740 3320 se
765 3258 939 3339 praeelegit
968 3267 1168 3340 regnaturum
1199 3269 1234 3323 et

78 3341 269 3406 sacerdotali
294 3342 513 3415 benedictione
541 3343 732 3426 ungendum.
772 3342 917 3404 Vidimus
944 3343 1025 3404 enim
1056 3351 1089 3404 et
1117 3345 1235 3425 pariter

77 3428 187 3510 patulo
220 3427 360 3490 alternae
394 3429 527 3490 visionis
542 3428 598 3508 ¹³)
635 3429 750 3489 intuitu
780 3426 984 3507 praelucente
1014 3431 1235 3510 perspeximus

78 3512 174 3592 hujus
194 3514 359 3592 praemissi
380 3513 495 3576 ordinis
517 3514 699 3595 scripturas,
723 3511 756 3574 id
777 3521 828 3576 est
849 3513 990 3576 notitiam
1009 3532 1105 3576 manu
1125 3518 1236 3580 senio·

80 3615 149 3659 rum
174 3589 290 3678 palatii*
308 3599 502 3680 roboratam,
529 3617 635 3662 coram
663 3599 776 3680 quibus
803 3597 998 3662 antecedens
1026 3601 1174 3682 princeps
1201 3611 1236 3666 et

79 3681 242 3764 religionis
277 3683 392 3746 cultum
423 3694 457 3748 et
483 3692 631 3746 tonsurae
664 3702 775 3746 sacrae
810 3683 946 3766 adeptus
972 3692 1025 3747 est
1053 3688 1235 3748 venerabile

80 3767 228 3850 signum,
259 3769 443 3850 scripturam
469 3788 594 3852 quoque
615 3769 803 3832 delinitionis
824 3769 863 3830 ab
885 3769 996 3832 eodem
1016 3769 1152 3852 editam,
1182 3771 1236 3834 ubi

79 3852 250 3936 gloriosum
272 3853 428 3918 dominum
455 3863 595 3917 nostrum
616 3855 777 3936 llrvigium
799 3861 875 3934 post
894 3871 933 3916 se
953 3853 1021 3916 fieri
1041 3874 1151 3939 regem
1173 3875 1237 3920 ex·

81 3945 191 4020 eptat3
227 3939 318 4004 aliam
345 3959 470 4023 quoque
496 3940 743 4003 informationem
766 3936 834 4019 jam
864 3938 941 4002 dicti
967 3939 1027 4002 viri
1050 3941 1083 4002 in
1111 3945 1237 4008 nomine

79 4019 267 4088 honorabilis
295 4036 330 4091 et
355 4025 552 4092 sanctissimi
570 4025 675 4091 fratris
695 4024 795 4090 nostri
813 4025 933 4092 Juliani
952 4025 1126 4094 'l'oletanae
1147 4029 1236 4096 sedis

80 4197 279 4220 ἡ

117 4301 147 4368 ¹)
164 4301 216 4356 Μι.
233 4302 367 4358 Hardnini
384 4302 427 4357 bia
444 4302 539 4374 incipit
556 4303 663 4358 verbis:
691 4305 779 4358 Patrne
796 4304 838 4356 die
853 4301 986 4387 apportatis
1002 4306 1114 4360 conruit.
1148 4335 1184 4350 -

115 4372 148 4438 ι)
165 4375 308 4426 mcum
326 4374 356 4428 i„
373 4391 410 4426 m,
425 4373 464 4427 Μ,
487 4403 524 4415 ..
558 4375 589 4444 a)
603 4375 678 4427 „otis
693 4375 732 4428 M.
758 4401 793 4414 -
827 4372 857 4440 ⁴)
875 4373 926 4426 drot
944 4374 1030 4427 docuit
1047 4377 1075 4430 in
1093 4395 1127 4429 nr.
1144 4377 1183 4431 M.
1200 4406 1236 4419 ·-

116 4441 147 4510 ὅ)
164 4443 347 4498 catholicorum
367 4445 443 4497 deest
460 4444 557 4528 (ΨΜ.
591 4471 629 4484 -
673 4445 703 4512 θ)
722 4444 886 4496 collationem
902 4443 958 4496 BR.
975 4444 1008 4497 E.
1020 4444 1045 4498 t.
1064 4447 1098 4498 T.
1111 4449 1137 4499 1.
1149 4450 1174 4501 2.
1191 4449 1236 4516 U,

94 4512 306 4649 cotti
339 4514 658 4658 tillicto}
674 4513 1236 4658 :3tttttltl·i.··..⁹'tt5‘tl:

149 4657 193 4703 tta·
209 4651 247 4705 Μ.
282 4685 318 4696 -
357 4659 407 4726 ¹³)
425 4655 528 4712 Verba:
553 4653 621 4707 enim
637 4659 663 4706 et
679 4669 739 4720 par.
755 4691 780 4706 ..
797 4654 904 4708 obtutis
920 4653 1015 4706 desunt
1032 4672 1074 4725 ap.
1092 4655 1131 4712 Μ.
1165 4687 1201 4700 -

121 4744 189 4796 Bidl.
204 4747 261 4797 ecel.
275 4750 296 4798 1.
950 4740 993 4804 Ἡ
