2880 5050
206 265 279 338 aar:
462 251 703 340 oohcmmu
726 265 997 337 mmrruurr
1016 267 1103 335 xm

127 503 133 526 ,
207 445 312 540 sexus
326 435 487 521 putum
507 437 659 538 radicitus
677 435 816 522 demite,
843 447 879 502 ut
904 447 943 538 et.
958 437 1065 522 legum
1084 445 1275 538 nostrarum
1299 435 1381 500 o'an-¹

206 533 356 676 iniit
374 542 457 672 dil
472 521 1172 691 thtiithttttttttttt:
1186 521 1381 688 tirsi}

207 703 244 760 et
264 694 467 773 excessus²)
494 693 652 776 nequitiae
677 694 815 774 ipsorum
840 693 1018 756 earumdem
1045 693 1151 776 legum
1176 691 1379 774 dispereant

207 781 392 846 unctiones
421 781 471 842 sic
491 797 616 862 quoque
637 785 673 840 ut
690 778 784 859 juxta
803 779 947 842 novellae
966 779 1049 862 legis
1069 787 1197 840 nostrae
1222 777 1377 840 edietum

206 885 300 932 nemo
321 883 363 928 ex
382 864 495 928 iisdem
514 863 648 927 ludaeis
668 863 701 925 in
717 862 847 946 pertidia
856 862 891 942 ι)
905 863 1086 927 durantibus
1100 863 1141 925 ad
1155 864 1334 944 cataplum
1343 863 1374 940 ¹)

206 969 263 1036 pro
285 951 475 1034 quibuslibet
493 949 632 1032 negotiis
652 947 842 1032 peragendis
868 947 1025 1030 accedat,
1050 966 1153 1030 neque
1181 947 1373 1030 quodcum-

207 1055 271 1120 que
291 1055 364 1100 cum
384 1035 571 1100 Christianis
591 1035 808 1097 commercium
830 1053 928 1116 agere
949 1033 1081 1113 audeat,
1111 1051 1174 1114 qno
1188 1032 1227 1109 ⁴)
1250 1035 1373 1097 merito

207 1139 280 1186 eum
299 1121 453 1202 propheta
474 1119 610 1183 dicatis:
634 1115 750 1183 Nonne
770 1120 826 1202 qur·
846 1126 880 1181 ta
901 1117 1095 1200 cdoront‘),
1117 1119 1266 1197 domine,
1292 1119 1370 1182 ode-

207 1226 279 1272 ram
302 1205 398 1283 illos,
433 1210 467 1268 et
493 1223 587 1288 srqrer
613 1205 761 1267 inimicos
791 1211 863 1267 tuor
889 1203 1119 1267 tolerabant
1166 1204 1221 1266 Ex
1249 1205 1370 1286 quibus

87 1311 92 1318 ·
207 1291 303 1376 igitur
317 1291 473 1354 Hebraeis
483 1291 537 1353 vel
558 1289 707 1352 uxoribus
728 1308 768 1353 ac
793 1289 867 1351 liliis
883 1307 989 1352 eorum
1010 1289 1122 1370 siquis
1143 1287 1307 1371 deinceps
1327 1289 1366 1352 ad

207 1377 385 1441 catholicae
412 1375 487 1439 ildei
514 1375 655 1460 regulam
680 1375 881 1460 integerrima
906 1373 1075 1436 devotione
1100 1391 1281 1438 conversus
1303 1395 1364 1435 ex-

207 1462 322 1543 titerit,
351 1462 516 1545 abnegans
536 1479 578 1523 ex
598 1467 669 1522 toto
690 1461 846 1544 genuinae
865 1458 1141 1541 praevaricationis
1160 1477 1282 1522 errores
1302 1460 1354 1519 vel

206 1547 413 1613 caerimonias
445 1563 617 1627 omnesque
649 1546 855 1626 parentalium
883 1545 996 1607 rituum
1033 1553 1161 1625 sectas,
1201 1545 1245 1608 ab
1277 1544 1358 1605 omni
1412 1555 1413 1626 j

207 1641 326 1696 exutus
348 1631 428 1724 jugo
455 1637 582 1693 maneat
609 1630 795 1712 functionis,
828 1647 921 1711 qnam
945 1628 1064 1710 pridem
1084 1631 1115 1691 in
1136 1647 1243 1692 errore
1266 1647 1361 1710 prae-
1412 1641 1413 1650 ¹

207 1719 341 1782 stitutus
366 1717 499 1800 publicis
526 1715 712 1778 utilitatibus
743 1715 909 1778 exsolvere
938 1715 1123 1778 consuevit:
1154 1715 1204 1778 sic
1232 1733 1362 1796 quoque

206 1811 244 1868 trt
262 1802 298 1882 ⁶)
330 1803 363 1866 in
389 1802 506 1867 ceteris
532 1799 700 1864 incredulis
728 1799 798 1882 ejus
823 1799 1013 1862 redundetur
1039 1799 1158 1862 limotio
1183 1800 1361 1880 pensionis,

206 1905 289 1972 qnos
310 1888 414 1952 adhuc
433 1886 569 1952 nefanda
589 1887 751 1948 retinuerit
771 1886 938 1948 obstinatio
960 1885 1139 1966 parentalis.
1191 1885 1282 1946 luter
1302 1903 1361 1947 ce-
1413 1931 1414 1956 ,

206 1982 276 2036 tera
300 1981 409 2035 mmen
436 1974 627 2034 obscoenum
656 1973 773 2033 crimen
799 1969 873 2032 illud
894 1969 934 2032 de
956 1970 1207 2032 concubitoribus
1226 1988 1361 2032 masam
1413 1977 1414 2006 ³

136 2073 138 2078 ’
206 2058 305 2120 lorum
320 2055 536 2138 extirpandum
550 2055 719 2132 decernite,
730 2073 860 2137 quorum
874 2053 1028 2118 horrenda
1044 2055 1128 2117 actio
1144 2063 1179 2116 et
1199 2055 1361 2118 honestae

205 2142 295 2204 vitae
328 2145 461 2226 gratiam
496 2139 654 2220 maculat,
689 2149 724 2202 et
752 2140 829 2202 iram
858 2141 993 2202 coelitus
1020 2141 1146 2221 aupemi
1171 2139 1313 2203 vindicis
1327 2139 1360 2218 1)

206 2235 368 2309 provocat.
409 2227 453 2290 ut
478 2226 552 2306 quia
569 2224 708 2306 plerique
728 2223 913 2306 perfidorum
934 2225 1085 2287 cothumo
1106 2226 1277 2305 superbiae
1300 2225 1359 2288 de-

206 2309 265 2376 diti
281 2329 352 2373 -non
381 2329 424 2372 ex
452 2309 512 2372 deo
539 2305 648 2393 regale
675 2306 837 2392 fastigium
865 2308 924 2372 sed
944 2311 1012 2372 solo
1038 2309 1213 2392 jactantiae
1234 2319 1359 2372 tumore

205 2405 358 2477 appetere
377 2395 618 2480 dignoscuntur,
647 2392 834 2476 quicumque
855 2393 966 2456 amodo
989 2413 1031 2456 ex
1050 2395 1211 2476 palatinis,
1242 2395 1360 2476 cujus-

206 2482 284 2546 libet
303 2484 346 2546 sit
366 2482 482 2545 ordinis
500 2483 554 2544 vel
574 2481 701 2542 honoris
720 2497 855 2562 persona
862 2523 872 2560 ‚
894 2481 926 2541 in
945 2497 1057 2542 necem
1076 2482 1196 2562 regiam
1217 2482 1273 2542 vel
1296 2501 1358 2542 ex·

206 2568 322 2632 oidium
348 2567 456 2650 gentis
483 2585 523 2628 ac
550 2566 671 2647 patriae
698 2563 871 2628 Gothorum
897 2565 991 2626 firerit
1020 2574 1154 2628 conatus
1180 2565 1359 2646 intendere,

205 2662 262 2717 aut
289 2653 507 2734 quodcumque
534 2651 729 2713 conturbium
762 2650 843 2711 intra
876 2648 958 2712 lines
984 2650 1157 2731 Hispaniae
1184 2653 1361 2714 tentaverit

207 2737 367 2817 excitare,
395 2743 461 2798 tam
485 2736 556 2816 ipse
583 2753 676 2816 quam
697 2733 889 2814 omnisejus
908 2736 1077 2814 posteritas
1098 2737 1138 2798 ab
1158 2736 1243 2797 omni
1262 2737 1359 2817 pala-

205 2823 271 2886 tino
294 2821 428 2902 exprdsa
447 2819 550 2883 cilicio
571 2821 630 2884 sub
650 2820 789 2882 tributali
808 2820 1002 2901 impensione
1021 2819 1100 2882 fisco
1121 2821 1259 2884 debeant
1280 2841 1358 2902 per-

205 2908 304 2991 petim
331 2906 505 2986 inservire,
535 2905 661 2968 amissis
689 2905 815 2986 insuper
840 2905 965 2968 cunctis
991 2904 1193 2968 facultatibus
1212 2907 1358 2988 propriis,

206 3011 287 3076 quas
334 2991 386 3054 cui
425 2991 560 3052 voluerit
602 2990 735 3052 licenter
782 2989 923 3052 conferat
957 2989 1128 3053 'clementia
1164 2991 1360 3072 principalis.

206 3077 333 3142 cuneta
351 3094 429 3138 vero
458 3093 540 3157 quae
567 3076 599 3136 in
625 3074 796 3137 canonibus
825 3075 879 3136 vel
907 3075 1014 3156 legum
1034 3075 1156 3148 ,edictis
1180 3075 1358 3156 depravata
1415 3149 1416 3152 Ἴ

206 3163 385 3227 consistunt
400 3165 456 3223 ant
469 3179 511 3222 ex
526 3159 682 3240 superfluo
697 3159 751 3220 vel
765 3158 904 3221 indebito
923 3159 1069 3241 conjecta
1088 3162 1154 3224 fore
1174 3169 1357 3242 patescunt,

205 3246 464 3314 accommodante
484 3246 664 3308 serenitatis
678 3253 806 3308 nostrae
823 3261 981 3308 consensu
1001 3247 1032 3308 in
1053 3247 1211 3310 meridiem
1226 3247 1355 3310 lucidae

207 3333 353 3396 veritatis
373 3332 525 3413 reducite,
540 3332 601 3394 illis
621 3329 835 3412 proculdubio
855 3331 963 3412 legum
984 3333 1151 3394 sententiis
1171 3335 1357 3414 reservatis,

205 3437 288 3500 quae
318 3437 360 3479 ex
388 3425 530 3496 tempore
555 3416 648 3478 divae
674 3417 841 3478 memoriae
868 3417 1083 3494 praecessoris
1113 3418 1212 3479 nostri
1239 3417 1355 3479 domini

205 3501 427 3567 chindasvinti
441 3501 475 3579 8)
504 3502 591 3584 regis
618 3519 719 3582 usque
748 3501 788 3562 ad
800 3499 834 3580 ⁰)
867 3508 992 3580 tempus
1021 3500 1137 3563 domini
1163 3501 1356 3564 Wambanis

204 3587 353 3671 principis
373 3605 416 3647 ex
435 3586 556 3647 ratione
577 3583 779 3666 depromptae
801 3585 841 3647 ad
866 3585 1020 3647 sinceram
1044 3583 1199 3665 justitiam
1219 3588 1274 3648 vel
1292 3608 1354 3649 ne-

205 3674 360 3758 gotiorum
379 3669 598 3733 sufficientiam
627 3671 780 3751 pertinere
806 3678 986 3732 noscuntur.
1028 3671 1126 3734 Varia
1147 3689 1271 3754 quoque
1291 3691 1354 3752 po-

204 3760 346 3840 pulorum
372 3757 524 3839 negotia,
553 3762 722 3837 ceteraque
743 3755 966 3818 sceleratorum
987 3754 1143 3819 hominum
1164 3765 1261 3838 gesta
1280 3755 1354 3818 fidei

205 3853 338 3908 sanotae
366 3842 522 3904 contraria
545 3841 591 3904 itu
616 3841 717 3903 vestri
741 3840 970 3903 examinatione
993 3839 1104 3920 judicii
1132 3843 1284 3904 canonice
1312 3859 1349 3904 ac

200 3929 349 4011 legaliter
367 3925 530 4006 finiantur,
557 3934 595 3988 ut
614 3943 675 3988 nec
699 3923 824 4005 justitia
846 3933 1025 4005 praetereat
1044 3946 1106 3990 nec
1125 3928 1282 3990 severitas
1300 3927 1352 3988 le-

205 4031 283 4098 gum
302 4031 345 4074 ex
366 4011 508 4074 omnihus
527 4009 729 4092 intercurrat3
756 4009 888 4090 qualiter
913 4009 986 4074 dum
1006 4010 1038 4074 in
1057 4013 1108 4075 his
1129 4011 1272 4074 omnibus
1291 4031 1353 4075 vos

206 4117 293 4163 amor
324 4095 443 4158 Christi
474 4094 641 4158 reddiderit
672 4093 833 4174 fervidos,
866 4101 901 4157 et
929 4095 1098 4176 aequitatis
1128 4106 1243 4160 catena
1274 4116 1351 4160 oon-

205 4181 365 4248 strinxerit
392 4199 513 4262 nexos,
546 4198 607 4242 non
635 4179 735 4243 solum
760 4178 792 4241 in
820 4178 882 4243 hoo
910 4181 1040 4243 saeculo
1065 4182 1253 4247 sanctitatis¹
1270 4181 1351 4246 dono

245 4413 548 4540 ''rinmioiisii
560 4415 821 4550 {iiiiiith—
834 4415 1119 4554 :qqaqppdrqqm-qn
1146 4417 1352 4556 {oswui

273 4557 370 4610 Psalm-
388 4554 453 4618 1³9,
470 4555 513 4606 21.
547 4580 583 4594 -··
618 4555 746 4624 turbt.
780 4581 815 4596 -·
851 4555 989 4624 'Mutilus
1005 4558 1042 4612 Μ.
1077 4587 1112 4602 -
1155 4558 1352 4628 ⁸)prantaecer-

272 4626 383 4678 corin.
403 4623 630 4678 Giodoruittllrlhl.
663 4651 699 4666 -
729 4625 781 4693 ’0)
799 4626 826 4680 itt
843 4625 880 4680 Μ.
915 4651 950 4666 -
