2916 5050
193 231 256 310 132
362 183 366 190 ’
440 226 663 296 coucururr
684 225 1022 294 cmrmeruuusu
1039 191 1120 296 nr.v

194 411 253 490 gut
274 411 314 472 ‘ut
340 401 543 483 reluctentur,
572 413 643 466 curn
670 399 783 463 fuerint
804 417 824 462 a
852 417 903 464 mc
930 397 963 460 in
983 399 1046 464 hac
1066 399 1345 484 causa'postulati,

198 507 291 572 quem
311 488 401 550 scitis
420 487 582 548 multarum
603 485 806 549 ecclesiarum
826 493 860 547 et
874 483 1108 547 ordinandorum
1121 502 1227 548 curam
1242 487 1345 572 susti-

171 637 175 646 ,
198 593 281 638 nere.
309 573 438 636 Justum
461 580 512 634 est
533 589 619 653 ergo,
640 578 676 634 ut
694 570 862 650 quemlibet
881 569 1139 652 consacerdotum
1160 572 1345 634 conveniam

199 678 271 724 cum
291 657 413 720 duobus
434 675 453 718 e
473 657 628 718 consortio
648 664 754 718 nostro
775 654 828 715 vel
848 655 946 716 tribus
965 655 1120 735 testibus3
1147 656 1175 716 si
1196 675 1272 718 vero
1293 657 1346 718 iu-

172 736 176 742 ’
200 745 336 808 devotus
357 742 516 822 extiterit,
544 741 618 822 quid
638 748 749 804 censet
770 739 885 802 caritas
906 747 1014 801 vestra
1032 735 1236 802 faciendum?
1271 741 1344 824 Ego

199 830 282 892 enim
309 834 489 889 cunctarum
515 827 717 888 ecclesiarum
740 823 920 907 dignatione
946 822 997 886 dei
1026 833 1061 886 ut
1088 825 1196 907 scitis,
1223 825 1343 907 fratres,
1452 865 1453 870 κ

198 911 435 978 sollicitudinem
455 911 605 972 sustineo.
646 909 813 974 Numidius
833 909 1001 990 episcopus
1022 909 1118 972 dixit:
1153 909 1228 972 Fuit
1256 929 1343 972 sem-

121 1013 129 1021 ·
200 1017 256 1080 per
281 998 363 1059 haec
387 997 513 1058 licentia
537 995 611 1058 huic
635 995 723 1075 sedi,
749 994 832 1056 unde
861 995 959 1056 vellet
984 1001 1017 1056 et
1044 993 1083 1056 de
1110 993 1200 1075 cujus
1220 996 1343 1056 nomine

126 1155 128 1162 Ι
200 1084 316 1146 fuisset
340 1089 515 1144 conventus
541 1099 596 1160 pro
625 1079 779 1142 desiderio
806 1075 957 1160 cujusque
977 1079 1135 1142 ecclesiae
1155 1077 1344 1162 ordinareu¹b

201 1169 392 1248 episcopum.
421 1166 596 1248 Epigonius
616 1162 894 1244 episcopusdixit:
915 1165 1056 1236 Bonitas,
1065 1173 1245 1245 sequestrat
1265 1181 1345 1243 pos-

200 1253 388 1330 sibilitatem,
409 1251 511 1310 minus
531 1248 613 1310 enim
633 1249 816 1328 praesumis,
831 1245 934 1330 irater,
953 1253 986 1307 et
1000 1245 1034 1324 ²)
1047 1264 1119 1307 cum
1133 1252 1166 1307 te
1184 1247 1297 1308 bonum
1310 1254 1343 1308 et

201 1337 386 1400 clementem
398 1335 539 1395 omnibus
549 1331 667 1413 reddis:
681 1332 780 1392 habes
792 1332 873 1390 enim
885 1331 946 1392 hoc
964 1329 996 1390 in
1010 1331 1143 1410 arbitrio,
1152 1331 1231 1392 satis
1245 1338 1344 1394 estut

199 1417 334 1484 satisfiat
346 1415 380 1494 8)
393 1433 546 1496 personae
562 1415 806 1496 uniuscujusque
824 1415 965 1494 episcopi
981 1415 1013 1476 in
1024 1415 1121 1494 prima
1134 1413 1346 1476 tantummodo

200 1499 418 1566 conventione.
458 1499 496 1561 Si
516 1507 637 1580 autem,
665 1499 749 1580 quod
768 1499 844 1560 libet
858 1499 894 1577 4)
920 1499 992 1560 huic
1013 1497 1099 1581 sedi,
1126 1498 1352 1562 vindicandum

201 1587 261 1650 sibi
288 1585 380 1646 fuerit
406 1584 587 1665 arbitratus,
615 1601 750 1646 necesse
777 1584 875 1644 habes
901 1591 936 1644 tu
962 1602 1071 1646 omnes
1100 1585 1254 1646 ecclesias
1274 1583 1345 1644 suf-

200 1671 325 1736 fudcire:
351 1667 435 1730 unde
454 1669 511 1730 tibi
530 1687 591 1729 non
612 1676 801 1748 potestatem
816 1666 849 1745 ὅ)
876 1665 1002 1748 damus,
1023 1667 1082 1730 sed
1101 1677 1175 1730 tuae
1198 1670 1346 1751 assigna·

201 1773 288 1836 mus,
308 1761 343 1815 ut
365 1754 460 1815 liceat
479 1753 632 1814 voluntati
652 1761 726 1814 tuae
747 1760 780 1812 et
800 1771 923 1831 semper
944 1761 1050 1814 tenere
1071 1772 1164 1834 quem
1184 1753 1289 1833 voles,
1310 1759 1346 1814 ut
1455 1757 1456 1774 ¹

201 1839 400 1922 praepositos
417 1838 559 1917 plebibus
579 1837 632 1899 vel
654 1837 800 1899 ecclesiis
820 1838 1011 1918 constituas,
1033 1839 1086 1918 qui
1106 1838 1255 1918 postulati
1274 1837 1346 1899 fue-

202 1927 280 2004 rint,
302 1930 336 1984 et
356 1921 439 1983 uude
459 1923 559 1982 voles.
598 1922 820 1982 Postumianus
840 1921 1008 2001 episcopus
1029 1921 1124 1984 dixit:
1150 1922 1272 1984 Deinde
1292 1923 1346 2002 qui

87 2045 91 2052 ·
201 2027 295 2072 unum
323 2005 482 2086 habuerit,
519 2005 666 2084 numquid
700 2006 795 2068 debet
826 2005 869 2066 illi
894 2007 962 2085 ipse
979 2025 1068 2070 unus
1096 2009 1260 2089 presbyter
1275 2025 1347 2086 ¹aun

200 2085 301 2160 ferril
344 2089 504 2152 Aurelius·
524 2089 691 2170 episcopus
725 2090 820 2152 dixit:
855 2089 922 2152 Sed
954 2091 1124 2180 episcopus
1157 2109 1238 2154 unus
1271 2109 1346 2154 esse

201 2183 325 2259 potest,
350 2193 406 2256 per
432 2191 525 2254 quem
552 2172 732 2255 dignatione
759 2174 865 2236 divina
890 2177 1065 2258 presbyteri
1090 2177 1178 2238 multi
1197 2175 1348 2238 constitui

87 2333 90 2337 ¹
201 2261 340 2346 possiut3
361 2264 443 2320 uuus
463 2265 567 2340 autem
590 2259 758 2338 episcopus
777 2258 901 2320 difficile
922 2261 1077 2322 invenitur
1093 2259 1345 2336 constituendus:

202 2351 390 2430 quapropter
407 2343 436 2404 ri
456 2344 668 2405 necessarium
688 2345 883 2424 episcopatui
903 2347 973 2424 quis
986 2345 1020 2423 ο)
1050 2347 1191 2408 hahuerit
1209 2345 1346 2426 presby·

203 2440 319 2510 terum,
347 2437 380 2490 et
406 2445 515 2508 unum,
542 2435 577 2488 ut
605 2427 710 2490 dixisti
735 2428 844 2509 frater,
870 2429 1028 2512 habuerit,
1057 2433 1151 2510 etiayn
1175 2431 1276 2510 ipsum
1305 2428 1346 2492 ad

163 2538 170 2563 ⁰
203 2514 426 2596 promotionem
446 2512 520 2574 dare
541 2512 675 2576 debebit.
713 2513 934 2588 Postumianus
955 2515 1233 2596 episcopusdixit:
1259 2515 1345 2596 Ergo

202 2601 232 2664 si
257 2599 353 2678 hahet
379 2598 460 2659 alius
486 2597 680 2660 abundantes
693 2597 726 2676 ⁷)
762 2598 911 2679 clericos,
947 2599 1041 2662 debet
1066 2601 1140 2664 mihi
1169 2601 1230 2662 alia
1256 2600 1355 2679 plebs⁴

132 2693 140 2710 ⁸
202 2676 398 2747 subvenire?
424 2681 571 2744 Aurelius
590 2685 759 2762 episcopus
779 2683 871 2744 dixit:
893 2683 988 2764 Sane,
1009 2686 1162 2765 quomodo
1183 2693 1217 2747 tu
1239 2683 1348 2746 eccle-

201 2771 270 2832 siae
291 2768 379 2830 alteri
398 2767 597 2848 subveneris,
623 2767 857 2847 persuadebitur
876 2768 917 2828 illi
939 2770 991 2850 qui
1012 2769 1117 2850 plures
1137 2771 1233 2834 habet
1253 2768 1346 2832 cleri-

202 2871 277 2934 cos,
300 2861 335 2915 ut
355 2869 450 2914 unum
471 2851 525 2913 tibi
546 2851 746 2914 ordinandum
765 2851 921 2934 largiatur.

286 3021 465 3084 Honoratus
481 3027 525 3090 'et
544 3019 688 3083 Urbanus
708 3021 848 3100 episcopi
862 3021 1030 3086 dixerunt:
1059 3023 1246 3086 Audivimus
1266 3041 1347 3086 con-

201 3109 361 3187 stitutum,
389 3113 425 3166 ut
451 3104 616 3167 dioeceses
635 3125 698 3167 non
718 3115 893 3168 mereantur
911 3109 1079 3189 episcopos
1100 3110 1260 3192 accipere,
1287 3109 1346 3170 nisi

203 3209 361 3256 consensu
388 3187 457 3270 ejus
484 3191 543 3252 sub
572 3208 633 3270 quo
659 3191 782 3253 fuerant
807 3191 1018 3275 constitutae3
1045 3192 1104 3255 sed
1132 3195 1163 3253 in
1187 3194 1347 3273 provincia

201 3285 324 3356 nostra,
352 3293 423 3338 cum
451 3275 544 3356 aliqui
568 3275 647 3336 forte
674 3275 706 3336 in
732 3276 885 3357 dioecesi,
902 3273 1107 3358 concedente
1136 3279 1346 3358 coepiscopo

202 3363 232 3422 in
261 3360 351 3440 cujus
376 3367 534 3438 potestate
560 3359 681 3421 fuerunt
709 3363 914 3442 constitutae,
941 3362 1071 3424 ordinati
1098 3371 1172 3424 sunt
1193 3364 1346 3442 episcopi,

149 3489 153 3499 ,
202 3446 297 3508 etiam
312 3444 477 3506 dioeceses
493 3442 553 3504 sibi
567 3443 727 3506 vindicant
737 3443 787 3524 ⁸):
809 3445 870 3508 hoc
891 3453 924 3506 et
940 3448 1052 3529 corrigi
1067 3448 1205 3510 caritatis
1218 3455 1346 3510 vestrae

197 3527 315 3610 judicio
335 3535 368 3589 et
389 3527 517 3588 inhiberi
537 3527 577 3588 de
596 3536 702 3590 cetero
722 3528 825 3590 debet.
866 3531 1041 3611 Epigonius
1060 3533 1228 3612 episeopus
1248 3531 1345 3594 dixit:

201 3614 342 3696 Singulis
358 3613 516 3692 episcopis
533 3621 692 3674 servatum
705 3623 756 3675 est
772 3614 854 3694 quod
866 3613 1008 3695 decebat,
1020 3624 1055 3676 ut
1074 3635 1116 3678 ex
1135 3635 1243 3678 massa
1256 3617 1347 3678 dioe-

126 3763 131 3775 ,
200 3701 321 3762 cesium
336 3749 338 3754 ,
352 3699 436 3762 nulla
467 3705 629 3776 caperetur
642 3696 676 3776 θ)
714 3706 749 3760 ut
779 3700 932 3779 proprium
962 3701 1143 3780 episcopum
1173 3702 1347 3778 habuisset,

200 3785 261 3847 nisi
286 3785 356 3864 ipse
382 3800 570 3844 consensum
595 3782 788 3846 adhibuisset
807 3783 1018 3866 eoncedendi3
1044 3785 1181 3848 sufficiat
1209 3786 1290 3846 enirn
1316 3786 1346 3845 si

201 3869 395 3930 consenserit
419 3876 454 3927 ut
481 3867 592 3928 cadem
617 3867 774 3931 dioecesis
792 3870 945 3948 permissa
962 3871 1116 3949 proprium
1136 3878 1253 3931 tautum
1275 3869 1347 3947 epi·
1423 3909 1426 3914 -

124 4019 126 4024 ,
200 3969 330 4030 scopum
361 3951 476 4011 habeat
488 3995 497 4030 ,
535 3960 659 4014 ceteras
691 3953 751 4016 sibi
782 3973 843 4014 non
876 3953 1015 4016 vindicet
1046 3955 1231 4036 dioeceses,
1262 3971 1345 4033 quae

199 4033 412 4115 exemptam)
443 4033 483 4096 dc
512 4034 599 4097 fasce
623 4036 789 4100 multarum
816 4037 885 4099 sola
909 4038 1020 4101 meruit
1046 4040 1193 4102 honorem
1217 4039 1348 4120 episco-

149 4251 153 4258 ι
235 4232 821 4306 orornamenta..raseruntc.l1isp.
862 4263 896 4273 ·-
954 4237 984 4303 2)
1002 4215 1026 4290 el
1045 4256 1095 4296 om.
1111 4240 1179 4294 ec.
1198 4235 1274 4307 Hisp.
1309 4265 1346 4277 —

234 4301 264 4366 ³)
280 4301 426 4366 solidariae
445 4299 475 4352 C.
493 4299 568 4380 Hisp.
587 4300 705 4370 (praeter
722 4303 772 4356 G.:
791 4301 905 4356 'arbitrio
923 4305 1005 4358 idem
1021 4307 1240 4375 clsclirfoct'cr).
1275 4335 1311 4347 -

233 4371 354 4488 ‘chulpd
374 4370 434 4444 licet
448 4369 483 4451 'C.
501 4370 579 4490 Hlsff'
606 4401 653 4491 -d-
706 4374 735 4440 ⁵)
759 4371 907 4489 pabulantes
924 4374 956 4426 U.
997 4405 1031 4416 —-
1084 4378 1114 4442 ὓ)
1138 4376 1344 4458 episcoprutpuir
1387 4437 1391 4444 ⁶

135 4535 137 4546 ι
184 4565 211 4620 ¹,
263 4454 722 4647 hildiwardi&
737 4441 1029 4582 ehll’fll'hl:
1067 4473 1107 4554 ἶ
1152 4446 1199 4572 ιὀ)
1214 4446 1345 4581 tlttzt
