2912 5060
341 271 582 352 CONffiJUM
608 271 942 344 mentastrum·
1181 269 1250 342 ss

182 525 406 612 Frequentium
433 529 644 595 molestiarum
672 547 793 595 noceas
819 529 970 610 mentera
984 529 1155 594 -nomenmt
1171 529 1247 608 quin

96 617 170 695 dem
190 615 406 700 magnitudine
426 613 572 681 decentis
592 624 716 696 poterat
737 615 925 698 gravitatis3
951 613 1012 678 sed
1032 614 1105 694 quia
1130 614 1248 680 unitae

96 702 209 770 labens
228 703 321 764 facile
348 699 389 764 ad
414 700 600 780 praecipitia
617 719 701 762 vana
722 700 817 766 corda
837 700 984 778 reclinat,
1010 699 1092 762 bene
1112 698 1250 766 honesta

96 787 274 862 sollicitudo
299 787 447 855 eehinere
473 794 634 867 properat,
661 785 745 866 qnod
770 786 971 866 frequentata
995 784 1124 852 usitatio
1143 785 1248 856 vitare,

96 892 158 936 non
186 881 284 936 curat.
326 870 463 948 Adeo¹l
490 889 561 934 cnm
589 879 624 934 et
652 871 852 951 quorumdam
881 879 1078 950 paternorum
1104 871 1249 936 amnuo-

96 959 190 1022 nibus
218 957 415 1022 decretorum
442 965 476 1018 et
502 955 749 1026 institutionibus
777 956 820 1019 sit
848 957 1003 1038 legalibus
1028 964 1173 1037 mntem,
1204 975 1251 1022 ua

98 1053 210 1111 eontra
236 1045 372 1106 salutem
392 1041 563 1121 principum
584 1042 755 1123 gentisque
775 1051 831 1105 aut
851 1043 972 1121 patriae
991 1042 1155 1122 quisquam
1175 1061 1249 1106 mee

99 1129 191 1194 ditari
206 1136 337 1192 conetur
357 1126 535 1206 adversum,
555 1127 617 1188 hoc
639 1146 735 1191 notua
753 1127 934 1207 specialiter
954 1147 1038 1192 nunc
1057 1125 1247 1207 depromitur

100 1213 343 1292 observandum,
372 1221 409 1276 ut
434 1212 463 1274 si
489 1213 561 1292 quis
585 1213 801 1294 religiosorum
828 1213 867 1274 ab
897 1213 1046 1292 episcopo
1073 1231 1176 1294 usque
1204 1211 1249 1280 ad
1308 1263 1311 1270 ,

100 1300 232 1365 extremi
251 1298 366 1363 ordinis
386 1298 535 1361 clericum
555 1297 627 1360 sive
646 1294 876 1375 menaehum2)
894 1298 1056 1380 generalia
1070 1298 1251 1377 juramenta

99 1386 132 1450 in
157 1385 292 1450 salntem
316 1383 439 1466 regiam
465 1383 638 1466 gentisque
665 1392 721 1446 aut
747 1384 867 1463 patriae
890 1383 967 1448 data
985 1385 1157 1463 reperiatur
1174 1383 1250 1448 vie·

99 1470 186 1536 lasse
200 1471 365 1532 voluntate
385 1469 525 1550 profana
546 1487 621 1535 mox
640 1470 763 1548 propria
781 1469 938 1550 dignitate
958 1468 1100 1549 privatus
1120 1477 1156 1534 et
1176 1469 1251 1536 leue

101 1565 136 1618 et
161 1556 280 1620 nonore
305 1555 457 1619 habeatur
486 1555 653 1634 exclrrsns,
681 1553 767 1634 eo³)
792 1553 1001 1619 miserationis
1022 1555 1157 1620 nummu
1175 1562 1252 1618 tane

101 1640 259 1705 tummodo
285 1638 480 1719 servaret),
513 1648 549 1702 ut
570 1659 611 1702 an
631 1641 754 1720 locum,
786 1639 1026 1720 an,honnrem,
1056 1648 1253 1720 metroque

101 1725 279 1808 possideat,
299 1723 493 1796 concedendi
507 1723 562 1806 jus
582 1725 804 1807 licentiamque
824 1725 1002 1807 principalis
1022 1733 1168 1806 potestas
1188 1725 1254 1790 ol·-

653 1895 706 1958 ut.

183 1981 400 2046 Reverentiae
421 1977 519 2043 totius
540 1977 741 2058 anditum),
771 1979 844 2060 quia
864 1998 917 2045 res
937 1978 1058 2058 adiit⁸l
1079 1979 1168 2060 diue,
1186 1989 1254 2048 uod

98 2065 214 2130 frustra
241 2067 384 2148 cogimur
408 2065 491 2138 hanc
518 2062 631 2128 duriori
659 2062 862 2144 extirparet)
883 2083 1034 2146 censuum
1063 2064 1254 2148 agnovimus

100 2153 184 2216 enim
212 2152 364 2228 quosdam
391 2150 560 2230 pontifices
586 2151 748 2229 praecepti
773 2150 920 2230 principis
933 2151 1167 2232 apostolorum,
1197 2151 1256 2231 qui

100 2240 163 2300 ait:
197 2237 344 2313 Parcite,
372 2239 427 2318 qni
455 2238 490 2298 in
519 2233 605 2298 nobie
626 2244 676 2300 eet
696 2257 840 2318 gregem,
867 2257 931 2303 non
948 2243 1059 2302 coacte
1079 2236 1138 2304 red
1156 2255 1251 2318 marr·

101 2330 216 2399 donee,
234 2343 335 2404 neque
364 2323 563 2382 dominantes
590 2322 627 2384 in
652 2321 735 2384 clero
762 2321 821 2384 sed
839 2322 949 2400 sonna
968 2323 1060 2402 sacti
1085 2323 1250 2405 gregim),

104 2412 150 2470 ita
176 2427 252 2471 esse
279 2409 491 2486 immemores,
518 2414 557 2472 ut
578 2405 763 2487 quibusdam
784 2408 983 2470 monasteriis
1004 2409 1253 2486 parochialibus-

105 2513 167 2575 que
196 2491 342 2558 eeclesiis
364 2500 418 2554 aut
438 2511 517 2561 suae
538 2491 822 2573 consanguinitatis
843 2510 997 2571 personas
1015 2492 1139 2554 aursni
1158 2492 1258 2570 [avos

103 2581 147 2642 ris
174 2578 344 2662 participes
371 2578 506 2658 iniquum
534 2596 634 2658 saepe
660 2584 805 2640 statuant
832 2577 864 2638 in
890 2578 1063 2656 praelatum
1075 2622 1085 2656 ,
1121 2577 1165 2641 ita
1191 2578 1255 2642 illis

102 2663 308 2747 providentes
338 2661 500 2728 commoda
530 2663 698 2728 inhonesta
710 2706 721 2742 ,
753 2669 789 2724 ut
827 2659 948 2727 eisdem
981 2661 1160 2725 deferantur
1196 2672 1253 2737 aut

104 2769 187 2834 quae
214 2750 336 2832 proprie
366 2749 517 2830 episcopo
546 2748 621 2812 dare
645 2745 753 2828 justus
773 2746 848 2810 ordo
868 2749 1064 2830 poposcerit,
1094 2756 1150 2810 aut
1170 2767 1259 2831 quae.

101 2855 212 2918 rapere
233 2835 376 2916 deputati
395 2835 555 2919 exactoris
576 2834 724 2898 violentia
744 2832 891 2914 potuerit.
938 2833 1072 2897 Proinde
1100 2833 1260 2916 decenter,

102 2923 245 2985 omnibus
265 2921 388 3002 placet,
411 2928 445 2980 et
468 2921 500 2980 in
528 2921 687 3000 praesenti
709 2920 775 2982 tale
796 2915 976 2983 rescindere
998 2921 1114 2982 fectum
1135 2929 1169 2980 et
1190 2941 1252 2985 non

104 3026 180 3084 esse
208 3004 248 3068 de
277 3014 385 3068 cetero
416 3003 609 3088 iaciendum
638 3024 711 3068 nam
737 3005 879 3088 quisquis
898 3005 1078 3088 pontificum
1100 3005 1252 3086 deinceps

104 3100 160 3172 aut
180 3091 335 3173 sanguine
357 3091 537 3171 propinquis
558 3100 612 3155 aut
632 3091 742 3154 favore
763 3091 824 3154 sibi
843 3091 986 3172 personis
1005 3091 1257 3172 quibuscumque,

104 3177 262 3240 devinctis
279 3177 353 3238 talia
370 3177 565 3240 commodare
582 3177 670 3240 lucra
691 3177 862 3242 tentaverit
883 3196 963 3241 ausu
983 3176 1137 3240 nefandae
1157 3197 1254 3256 prae-

103 3262 289 3344 sumptionis
300 3261 344 3342 ⁹),
368 3270 400 3324 et
421 3261 504 3344 quod
521 3261 645 3344 jussum
657 3260 689 3339 1)
710 3261 805 3324 fuerit
825 3261 998 3326 devocetur
1018 3263 1050 3325 in
1070 3261 1197 3342 irritum,
1219 3270 1253 3324 et

125 3349 157 3412 ui
178 3346 330 3410 ordinavit
345 3347 398 3426 ¹¹)
425 3367 547 3410 annuae
570 3345 898 3410 excommunicationis
919 3345 1000 3411 serat
1021 3345 1177 3408 excidium
1189 3345 1253 3425 ¹²).

103 3369 195 3514 auae
221 3452 299 3496 vero
328 3433 433 3496 ablata
456 3433 594 3496 fortasse
615 3433 750 3514 fuerint,
779 3431 819 3494 ab
841 3449 880 3494 eo
911 3431 964 3514 qui
990 3431 1061 3496 tulit
1086 3432 1254 3500 reddentur

102 3521 136 3583 in
156 3519 292 3599 duplum.

651 3601 706 3664 lV.
743 3658 746 3662 .

191 3687 281 3752 Bene
308 3703 364 3766 per
392 3685 534 3766 spiritum
554 3685 607 3750 dei
626 3705 795 3767 possumus
815 3705 886 3752 cum
907 3696 1018 3754 sancto
1039 3687 1182 3770 apostolo
1204 3685 1255 3750 dt-

105 3791 180 3836 cere
208 3791 271 3836 non
299 3770 443 3854 ignorare
473 3791 532 3836 nos
559 3774 694 3838 astutias
715 3782 847 3836 satanae
865 3771 935 3854 ¹³),
969 3773 1043 3855 quia
1073 3774 1255 3854 inpellimur

104 3859 168 3921 zeli
189 3857 299 3922 domus
321 3855 372 3920 dei
393 3855 503 3920 ardore
524 3859 663 3920 cremari.
715 3858 870 3920 Videmus
895 3857 979 3920 enim
998 3857 1037 3920 ad
1058 3867 1148 3922 tanta
1166 3858 1255 3922 fram·

105 3943 190 4006 dium
216 3943 320 4006 studia
348 3943 626 4006 convalescentem
656 3945 842 4006 excrevisse
862 3943 1049 4024 perniciem,
1077 3952 1114 4005 ut
1135 3951 1169 4006 et
1188 3945 1255 4027 pri·
1347 4007 1351 4017 ,

105 4047 220 4092 maeva
250 4037 372 4109 patrum
405 4029 590 4100 constitutio
623 4047 643 4091 a
674 4028 858 4112 quibusdam
887 4030 1072 4092 aestimetur
1103 4028 1188 4093 illudi
1198 4031 1209 4040 ”
1221 4031 1256 4092 et

77 4221 80 4228 '
142 4227 171 4293 ι)
189 4225 249 4276 ldae
265 4226 303 4278 Μ.
345 4259 380 4268 -
427 4231 456 4298 2)
475 4231 509 4280 ml
527 4239 668 4286 extremm
686 4233 785 4283 ordinis
801 4232 949 4282 clericerum
964 4232 1017 4282 elne
1034 4233 1210 4298 nmnnelrorunr
1226 4233 1255 4288 in

176 4296 265 4347 nnM.
303 4327 338 4337 -
374 4301 404 4367 ⁸)
423 4307 447 4354 et
464 4301 500 4352 Μ.
535 4329 570 4340 —
612 4303 642 4368 ⁴)
659 4303 840 4354 reservarent.
875 4329 909 4338 -
945 4301 973 4367 ὅ)
990 4303 1256 4369 onditaperelpintnr

175 4365 204 4418 iu
220 4381 255 4418 nr.
275 4365 313 4417 Μ.
355 4399 391 4408 -
442 4370 473 4438 ⁸)
490 4370 554 4424 redeo
571 4369 635 4422 ibid.
674 4400 710 4411 ·—
764 4372 793 4437 ⁷)
810 4368 910 4434 capitia
928 4404 957 4420 ..
975 4373 1104 4437 eatirpnri
1120 4373 1184 4424 ibid.
1219 4403 1255 4418 ·-·

142 4433 172 4500 ⁸)
191 4434 293 4488 lPetr.
311 4437 345 4502 5,
362 4441 388 4492 2.
407 4440 434 4492 3.
475 4469 510 4479 -
559 4439 588 4508 θ)
611 4442 745 4494 tentaverit
762 4441 796 4490 rol
813 4455 887 4492 enom
902 4441 1026 4504 rrrfnnrtnc
1042 4446 1257 4510 prneonnmtt’onr'e

176 4505 304 4556 occidioni
327 4507 356 4562 in
374 4527 408 4565 rn.
426 4509 463 4560 Μ.
513 4534 547 4546 -
597 4508 645 4576 ¹⁰)
661 4511 742 4562 visum
759 4511 796 4562 Μ.
842 4540 877 4550 -
927 4510 976 4576 ¹¹)
1000 4511 1126 4565 orrlinnrit
1150 4514 1187 4566 M.
1220 4545 1256 4558 ·-

122 4571 173 4640 Η)
197 4589 297 4628 crrnrrna
320 4579 574 4634 cmcoranmnieclioni
596 4577 725 4648 subjacent
752 4580 779 4631 in
805 4596 838 4632 m.
861 4580 898 4631 M.
928 4607 962 4618 -
994 4583 1138 4648 Sequentia
1160 4583 1256 4638 denum

178 4657 221 4711 ap.
239 4643 276 4697 Μ.
312 4678 347 4688 -
382 4649 650 4717 1⁸)2Cor.2,11.
685 4651 854 4715 Jon.2,lt.
890 4678 925 4688 -·
