2912 5060
201 275 275 344 fflii'
472 275 721 344 autenm.
733 271 1005 340 tumrultus
1023 271 1080 338 IX.

204 451 318 537 amuis
328 449 516 532 copulentur
527 458 583 512 aut
596 446 713 513 Gothis
728 444 771 528 ¹).
797 443 889 526 Quod
910 446 939 510 si
959 447 1021 508 lroc
1034 441 1151 507 buum
1163 437 1367 536 quandoque
1416 392 1418 484 i

203 536 356 618 patuerit,
383 536 588 614 permixtione
608 534 665 598 tali
685 535 794 618 genita
811 533 918 613 proles
937 545 1094 612 uunquam
1114 525 1288 590 merebitur
1304 542 1366 604 Jus

183 619 363 686 indebitae
378 619 414 696 ²)
441 619 605 702 dignitatis
624 636 686 682 nec
706 618 864 681 ecclesiae
885 635 1020 698 uuquam
1042 613 1161 678 carebit
1180 611 1367 694 obsequiis,

205 705 297 788 cujus
317 703 471 770 beneficio
493 703 606 768 donum
626 705 779 768 memisse
799 703 939 768 noscitur
958 699 1122 764 libertatis.

291 871 328 938 Si
356 874 520 955 contingat
545 789 844 956 quemo'uruqffie
864 873 983 938 libertis
1005 870 1164 938 ecclesiae
1184 885 1365 948 eorumque

204 961 351 1042 prosapia
365 959 399 1040 ³)
426 967 535 1022 contra
559 961 737 1040 primaevas
758 959 985 1042 modernasque
1006 967 1129 1040 patrum
1150 954 1281 1037 regulas
1305 961 1365 1014 aut

204 1041 323 1112 Gothis
348 1051 402 1108 aut
423 1043 573 1109 Romanis
592 1045 738 1126 ingenuis
749 1041 784 1124 ⁴)
805 1045 959 1126 copulari,
976 1054 1040 1108 tam
1059 1045 1117 1106 illis
1134 1059 1227 1124 quam
1247 1057 1365 1102 eorum

205 1131 295 1211 stirpi
320 1149 383 1192 nou
410 1127 517 1194 licebit
543 1127 582 1192 ab
611 1128 769 1192 ecclesiae
789 1131 960 1209 patrocinio
981 1128 1128 1211 evagari,
1155 1125 1215 1190 sed
1237 1133 1296 1186 aut
1319 1123 1364 1186 ad

206 1215 313 1282 debita
340 1215 491 1298 obsequia
517 1215 634 1278 reverti
660 1211 804 1298 cogendi
823 1223 917 1296 suut,
946 1224 1001 1278 aut
1021 1218 1050 1278 si
1070 1213 1170 1276 redire
1190 1211 1363 1290 noluerint,

205 1319 423 1383 quaecumque
459 1299 512 1362 vel
545 1307 696 1384 parentes
730 1318 836 1362 eorum
864 1301 918 1362 vel
947 1301 1009 1382 ipsi
1040 1301 1079 1366 ab
1111 1296 1252 1363 ecclesia
1282 1305 1361 1360 sunt

205 1383 313 1468 adepti
340 1385 395 1448 vel
423 1386 454 1448 in
476 1383 546 1466 ejus
566 1385 737 1468 patrocinio
765 1385 828 1447 viai
856 1394 932 1450 sunt
951 1386 1168 1467 conquisisse,
1187 1385 1356 1448 insistente

204 1471 355 1554 pontifice
377 1471 409 1537 iu
430 1469 578 1536 ditionem
599 1471 741 1554 propriae
745 1469 949 1620 ²qqqiucantur
969 1472 1137 1538 ecclesiae.

291 1639 460 1706 Ecclesiae
480 1641 581 1704 liberti
601 1659 772 1722 eorumque
793 1644 963 1726 progenies
990 1640 1093 1706 eidem
1120 1635 1288 1720 basilicae,
1317 1633 1359 1700 do

206 1745 270 1811 qua
289 1727 442 1790 libertatis
460 1729 594 1811 gratiam
613 1735 809 1809 mernerunt,
834 1729 987 1810 obsequia
1007 1735 1149 1810 prompta
1168 1723 1359 1806 sinceraque

206 1813 377 1896 parabunt,
408 1814 461 1894 qui
488 1813 573 1876 sicut
599 1813 662 1875 lroo
688 1813 720 1874 in
747 1814 931 1896 obsequium
941 1811 975 1892 ὅ)
1001 1831 1058 1894 pro
1078 1809 1288 1892 possibilitate
1309 1810 1358 1870 sui

208 1897 293 1980 quod
314 1899 409 1978 utiles
430 1899 558 1980 ingenui
579 1895 753 1978 debonat),
780 1897 826 1959 ita
845 1917 970 1982 quoque
992 1899 1023 1961 in
1045 1895 1264 1961 emendatione
1286 1895 1359 1958 oul-

206 2001 317 2065 panum
336 1981 419 2064 quod
438 1984 566 2045 inutiles
589 1982 718 2065 ingenui
737 1984 945 2047 sustinebunt.

291 2153 426 2216 libertis
443 2152 601 2215 ecclesiae
622 2169 791 2233 eorumque
811 2153 973 2236 propagini
984 2151 1019 2233 i)
1038 2171 1079 2214 ex
1095 2151 1237 2216 omnibus
1251 2151 1354 2231 rebus,

208 2238 353 2322 quaeda
370 2236 441 2320 jure
462 2237 623 2300 ecclesiae
643 2245 815 2300 noscuntur
834 2239 968 2321 habere,
1001 2239 1075 2300 nihil
1103 2237 1209 2300 licebit
1237 2238 1267 2299 in
1290 2255 1351 2297 ex-

207 2334 350 2387 traneum
379 2322 544 2385 dominium
572 2325 784 2386 transactione
811 2341 1008 2408 quacumque
1027 2322 1062 2403 ⁸)
1094 2321 1268 2406 deducere;
1292 2320 1351 2384 sed

210 2411 240 2472 si
262 2428 304 2471 ex
324 2409 374 2472 his
396 2409 554 2489 quaelibet
574 2408 713 2471 vendere
735 2409 869 2472 fortusse
890 2410 1063 2494 voluerint,
1091 2409 1251 2472 sacerdoti
1268 2406 1356 2490 ejus·
1436 2471 1437 2480 ,

210 2494 282 2560 dem
314 2494 472 2568 ecclesiae
500 2491 634 2556 offerant
660 2495 886 2564 convenienter
913 2495 1069 2575 emenda,
1105 2510 1276 2576 earumque
1303 2513 1358 2556 re·

209 2580 321 2660 numi)
348 2580 466 2662 pretia,
494 2587 531 2642 ut
558 2581 606 2644 eis
626 2581 797 2661 placuerit,
828 2590 884 2644 aut
912 2581 1099 2662 dispensent
1125 2589 1178 2644 ant
1203 2581 1358 2644 habeant:

210 2685 284 2730 nam
311 2667 344 2728 in
370 2665 539 2728 dominium
566 2668 663 2748 partis
689 2665 817 2730 alterius
842 2667 888 2732 rei
916 2685 995 2730 suae
1024 2683 1156 2730 censum
1181 2665 1358 2730 nullomodo
1386 2689 1389 2695 Δ

210 2752 344 2813 transire
370 2751 585 2833 permittimus.
633 2751 709 2814 Suis
736 2759 842 2812 autem
871 2750 943 2814 liliis
973 2751 1026 2814 vel
1053 2752 1233 2834 propinquis
1254 2751 1358 2814 eidem

212 2836 371 2899 ecclesiae
404 2836 458 2898 vel
491 2835 621 2898 servitio
651 2837 705 2897 vel
733 2837 904 2917 patrocinio
934 2835 1112 2920 subjugatis
1141 2855 1357 2920 quaecumque

210 2920 349 3002 vendere
369 2920 423 2990 vel
445 2919 561 2984 donare
581 2921 754 3002 voluerint,
777 2921 881 2985 aditus
902 2924 1024 2986 omnino
1043 2923 1174 3006 patebit.

264 3167 271 3176 ί
299 3091 457 3172 Baptizati
477 3091 602 3174 iudaei,
624 3109 820 3176 quocumque
841 3091 912 3155 loco
934 3099 1041 3155 cetero
1062 3100 1203 3174 tempore
1224 3109 1360 3156 conver-

213 3185 396 3258 versentur,
424 3177 517 3240 festis
543 3187 649 3240 tamen
676 3175 853 3258 praecipuis
879 3177 954 3238 novi
974 3179 1157 3242 testamenti
1177 3178 1259 3240 serie
1280 3196 1359 3240 oon-

214 3263 351 3325 secratis
372 3281 412 3326 ac
432 3262 542 3326 diebus
563 3263 642 3345 illis,
664 3281 744 3345 quos
765 3263 836 3324 olim
856 3263 1020 3326 sanctione
1038 3265 1158 3328 veteris
1178 3263 1262 3345 legis
1282 3263 1359 3325 sibi-

214 3356 280 3410 met
311 3350 484 3412 censebant
501 3348 555 3430 ¹⁰)
584 3367 659 3412 esse
688 3349 863 3430 solemnes,
889 3349 928 3409 ‘in
956 3349 1137 3412 civitatibus
1165 3349 1359 3432 publicisque

214 3435 424 3496 conventibus
451 3453 524 3498 cum
551 3434 681 3497 summis
708 3435 758 3496 doi
784 3431 1001 3496 sacerdotibus
1027 3435 1184 3498 celebrare
1204 3435 1359 3516 praecipi-

213 3535 303 3599 mus,
331 3527 367 3579 ut
396 3537 501 3581 eorum
531 3520 802 3583 conversationem
823 3537 862 3581 ac
881 3518 975 3582 fidem
996 3528 1029 3582 et
1049 3521 1190 3600 pontifex
1211 3521 1360 3601 approbet

216 3610 251 3664 et
282 3603 401 3665 veritas
429 3611 547 3668 servet.
588 3601 691 3684 Hujus
716 3623 793 3666 vero
822 3612 989 3667 temerator
1018 3605 1131 3688 edicti,
1158 3615 1249 3690 prout
1270 3613 1360 3670 aetas

215 3688 407 3771 permiserit,
429 3695 484 3752 aut
504 3687 613 3772 flagris
634 3697 689 3750 aut
710 3689 917 3752 abstinentiae
938 3687 1121 3770 subjacebit.

301 3773 447 3856 Expletis
470 3775 620 3856 omnibus,
642 3793 723 3856 quae
745 3774 786 3837 ad
805 3775 982 3838 honestatis
1002 3775 1144 3862 regulam
1164 3773 1196 3836 iu
1218 3773 1359 3838 collatio-

216 3875 288 3922 nem
315 3877 434 3927 venere
467 3861 655 3942 iratemam,
689 3869 799 3944 grates
827 3861 1020 3924 exsolvimus
1046 3859 1210 3926 immortali
1238 3859 1356 3924 domino

215 3943 294 4024 soli,
314 3943 417 4026 cujus
438 3943 643 4028 dispositione
669 3945 798 4008 mirabili
818 3945 859 4008 ad
879 3945 964 4009 huno
984 3942 1123 4046 sanotae
1138 3945 1362 4031 congregatio-

255 4228 285 4297 1)
306 4243 384 4280 cocao
409 4228 591 4297 omrjrrootiorris
615 4229 766 4298 pdiualibet
789 4229 937 4338 qopuieatur
954 4229 1075 4312 permoto
1096 4229 1212 4296 topanta
1235 4231 1281 4286 AE.
1306 4215 1364 4286 lili.

288 4297 412 4434 ,inriti
425 4301 487 4410 ι’]
504 4300 550 4436 qi
564 4301 666 4438 vitabitis
686 4297 981 4438 ,inattiiiiiiiaii
996 4297 1110 4435 {iiie
1125 4327 1170 4422 ᾗ.
1187 4300 1364 4438 1313),er

288 4437 439 4504 quotieslibet
460 4441 577 4505 posonio
599 4447 644 4492 utet
668 4439 758 4491 Gellia
780 4446 827 4490 out
846 4441 971 4492 Βοιιιιιιι
994 4453 1024 4490 ιι
1047 4451 1082 4490 ιιι.
1107 4439 1145 4493 Μ.
1178 4465 1213 4480 -

256 4503 286 4571 ὅ)
304 4507 422 4576 obsequio
439 4508 468 4560 in
484 4523 518 4560 m.
535 4509 573 4562 M.
618 4538 653 4549 -
705 4509 735 4576 θ)
752 4508 846 4560 datam
861 4507 928 4562 ibid.
977 4535 1012 4547 —
1064 4507 1093 4574 l)
1111 4509 1241 4576 praemiet
1256 4508 1294 4561 Μ.
1328 4536 1363 4548 -

222 4633 225 4639 Δ
256 4577 527 4702 'lsqqqantqqrcgquqoc
527 4579 564 4632 Μ.
599 4597 634 4620 -=
676 4579 705 4646 ⁹]
725 4594 810 4632 rarum
828 4579 904 4634 deest
921 4593 962 4650 ap.
979 4577 1016 4630 M.
1049 4607 1085 4619 -
1129 4580 1180 4645 1⁰)
1196 4580 1240 4646 qrti
1258 4616 1286 4632 ..
1303 4593 1363 4630 ιιι-
