<?xml version="1.0" encoding="UTF-8"?>
<!DOCTYPE html PUBLIC "-//W3C//DTD XHTML 1.0 Transitional//EN"
    "http://www.w3.org/TR/xhtml1/DTD/xhtml1-transitional.dtd">
<html xmlns="http://www.w3.org/1999/xhtml" xml:lang="en" lang="en">
 <head>
  <title>
</title>
<meta http-equiv="Content-Type" content="text/html;charset=utf-8" />
  <meta name='ocr-system' content='tesseract 3.04.00' />
  <meta name='ocr-capabilities' content='ocr_page ocr_carea ocr_par ocr_line ocrx_word'/>
</head>
<body>
  <div class='ocr_page' id='page_1' title='image "./canonesapostolo00brungoog/canonesapostolo00brungoog_0224.png"; bbox 0 0 2912 5060; ppageno 0'>
   <div class='ocr_carea' id='block_1_1' title="bbox 270 225 1339 341">
    <p class='ocr_par' dir='ltr' id='par_1_1' title="bbox 270 225 1339 341">
     <span class='ocr_line' id='line_1_1' title="bbox 270 225 1339 341; baseline 0.002 -33"><span class='ocrx_word' id='word_1_1' title='bbox 270 225 303 308; x_wconf 73' lang='grc'><strong>.’</strong></span> <span class='ocrx_word' id='word_1_2' title='bbox 384 233 605 341; x_wconf 71' lang='grc' dir='ltr'><strong>Ι(ΜΙΜΙΜΙΙΜ</strong></span> <span class='ocrx_word' id='word_1_3' title='bbox 627 229 935 306; x_wconf 71' lang='lat' dir='ltr'><strong>TOLEl&#39;leJMll.</strong></span> <span class='ocrx_word' id='word_1_4' title='bbox 1174 234 1241 309; x_wconf 64' lang='grc' dir='ltr'><strong>Μ’</strong></span> <span class='ocrx_word' id='word_1_5' title='bbox 1336 237 1339 244; x_wconf 53' lang='lat'><strong>⁴</strong></span> 
     </span>
    </p>
   </div>
   <div class='ocr_carea' id='block_1_2' title="bbox 9 397 1238 1144">
    <p class='ocr_par' dir='ltr' id='par_1_2' title="bbox 9 397 1238 1144">
     <span class='ocr_line' id='line_1_2' title="bbox 30 397 1236 489; baseline 0.003 -21"><span class='ocrx_word' id='word_1_6' title='bbox 30 443 34 452; x_wconf 88' lang='lat'><strong>·</strong></span> <span class='ocrx_word' id='word_1_7' title='bbox 84 403 307 472; x_wconf 79' lang='lat' dir='ltr'><strong>aut-noxialis·</strong></span> <span class='ocrx_word' id='word_1_8' title='bbox 325 400 413 470; x_wconf 77' lang='lat' dir='ltr'><strong>&#39;falna</strong></span> <span class='ocrx_word' id='word_1_9' title='bbox 442 407 599 470; x_wconf 83' lang='lat' dir='ltr'><strong>innocenti</strong></span> <span class='ocrx_word' id='word_1_10' title='bbox 626 397 776 474; x_wconf 81' lang='lat' dir='ltr'><strong>ionasse&#39;</strong></span> <span class='ocrx_word' id='word_1_11' title='bbox 786 409 889 489; x_wconf 83' lang='lat' dir='ltr'><strong>possit</strong></span> <span class='ocrx_word' id='word_1_12' title='bbox 915 409 994 472; x_wconf 85' lang='lat' dir='ltr'><strong>inuri</strong></span> <span class='ocrx_word' id='word_1_13' title='bbox 1007 405 1047 486; x_wconf 85' lang='lat'><strong>¹).</strong></span> <span class='ocrx_word' id='word_1_14' title='bbox 1095 407 1181 474; x_wconf 85' lang='lat' dir='ltr'><strong>Sane</strong></span> <span class='ocrx_word' id='word_1_15' title='bbox 1207 411 1236 472; x_wconf 89' lang='lat' dir='ltr'><strong>si</strong></span> 
     </span>
     <span class='ocr_line' id='line_1_3' title="bbox 84 491 1237 574; baseline 0.002 -20"><span class='ocrx_word' id='word_1_16' title='bbox 84 493 237 570; x_wconf 78' lang='lat' dir='ltr'><strong>deinceps</strong></span> <span class='ocrx_word' id='word_1_17' title='bbox 275 499 349 570; x_wconf 89' lang='lat' dir='ltr'><strong>post</strong></span> <span class='ocrx_word' id='word_1_18' title='bbox 386 493 469 556; x_wconf 86' lang='lat' dir='ltr'><strong>hanc</strong></span> <span class='ocrx_word' id='word_1_19' title='bbox 501 492 605 554; x_wconf 89' lang='lat' dir='ltr'><strong>datam</strong></span> <span class='ocrx_word' id='word_1_20' title='bbox 638 491 878 556; x_wconf 85' lang='lat' dir='ltr'><strong>admonitionem</strong></span> <span class='ocrx_word' id='word_1_21' title='bbox 912 495 1053 574; x_wconf 90' lang='lat' dir='ltr'><strong>quisquis</strong></span> <span class='ocrx_word' id='word_1_22' title='bbox 1083 493 1237 573; x_wconf 79' lang='lat' dir='ltr'><strong>harum²)</strong></span> 
     </span>
     <span class='ocr_line' id='line_1_4' title="bbox 85 572 1236 656; baseline 0.003 -17"><span class='ocrx_word' id='word_1_23' title='bbox 85 577 243 640; x_wconf 90' lang='lat' dir='ltr'><strong>consortio</strong></span> <span class='ocrx_word' id='word_1_24' title='bbox 264 576 323 638; x_wconf 86' lang='lat' dir='ltr'><strong>irni</strong></span> <span class='ocrx_word' id='word_1_25' title='bbox 337 572 480 656; x_wconf 75' lang='lat' dir='ltr'><strong>voluerit,</strong></span> <span class='ocrx_word' id='word_1_26' title='bbox 501 579 623 640; x_wconf 87' lang='lat' dir='ltr'><strong>noverit</strong></span> <span class='ocrx_word' id='word_1_27' title='bbox 643 594 681 638; x_wconf 86' lang='lat' dir='ltr'><strong>sc</strong></span> <span class='ocrx_word' id='word_1_28' title='bbox 700 594 763 639; x_wconf 91' lang='lat' dir='ltr'><strong>non</strong></span> <span class='ocrx_word' id='word_1_29' title='bbox 782 579 884 640; x_wconf 89' lang='lat' dir='ltr'><strong>solum</strong></span> <span class='ocrx_word' id='word_1_30' title='bbox 906 597 926 639; x_wconf 89' lang='lat' dir='ltr'><strong>a</strong></span> <span class='ocrx_word' id='word_1_31' title='bbox 947 579 1112 642; x_wconf 77' lang='lat' dir='ltr'><strong>clericatus</strong></span> <span class='ocrx_word' id='word_1_32' title='bbox 1132 578 1236 642; x_wconf 86' lang='lat' dir='ltr'><strong>allicio</strong></span> 
     </span>
     <span class='ocr_line' id='line_1_5' title="bbox 10 659 1238 741; baseline 0.002 -19"><span class='ocrx_word' id='word_1_33' title='bbox 10 725 11 734; x_wconf 53' lang='grc'>,</span> <span class='ocrx_word' id='word_1_34' title='bbox 86 661 202 723; x_wconf 88' lang='lat' dir='ltr'><strong>retrahi</strong></span> <span class='ocrx_word' id='word_1_35' title='bbox 220 663 273 732; x_wconf 90' lang='lat' dir='ltr'><strong>vel</strong></span> <span class='ocrx_word' id='word_1_36' title='bbox 295 661 453 723; x_wconf 86' lang='lat' dir='ltr'><strong>ccclesiae</strong></span> <span class='ocrx_word' id='word_1_37' title='bbox 474 661 590 724; x_wconf 84' lang='lat' dir='ltr'><strong>foribus</strong></span> <span class='ocrx_word' id='word_1_38' title='bbox 610 663 693 741; x_wconf 89' lang='lat' dir='ltr'><strong>pelli,</strong></span> <span class='ocrx_word' id='word_1_39' title='bbox 714 662 772 724; x_wconf 88' lang='lat' dir='ltr'><strong>sed</strong></span> <span class='ocrx_word' id='word_1_40' title='bbox 794 665 887 724; x_wconf 86' lang='lat' dir='ltr'><strong>otiam</strong></span> <span class='ocrx_word' id='word_1_41' title='bbox 909 664 948 724; x_wconf 91' lang='lat' dir='ltr'><strong>ab</strong></span> <span class='ocrx_word' id='word_1_42' title='bbox 970 659 1103 724; x_wconf 86' lang='lat' dir='ltr'><strong>omnium</strong></span> <span class='ocrx_word' id='word_1_43' title='bbox 1124 665 1238 726; x_wconf 89' lang='lat' dir='ltr'><strong>catho-</strong></span> 
     </span>
     <span class='ocr_line' id='line_1_6' title="bbox 9 739 1238 829; baseline 0.004 -23"><span class='ocrx_word' id='word_1_44' title='bbox 9 739 10 818; x_wconf 66' lang='grc' dir='ltr'>Ῐ</span> <span class='ocrx_word' id='word_1_45' title='bbox 85 747 213 808; x_wconf 86' lang='lat' dir='ltr'><strong>licorurn</strong></span> <span class='ocrx_word' id='word_1_46' title='bbox 228 747 408 829; x_wconf 84' lang='lat' dir='ltr'><strong>clericorum</strong></span> <span class='ocrx_word' id='word_1_47' title='bbox 422 747 475 808; x_wconf 82' lang='lat' dir='ltr'><strong>vel</strong></span> <span class='ocrx_word' id='word_1_48' title='bbox 496 747 643 809; x_wconf 89' lang='lat' dir='ltr'><strong>laicorum</strong></span> <span class='ocrx_word' id='word_1_49' title='bbox 665 749 880 809; x_wconf 88' lang='lat' dir='ltr'><strong>communione</strong></span> <span class='ocrx_word' id='word_1_50' title='bbox 900 748 1023 828; x_wconf 89' lang='lat' dir='ltr'><strong>privari,</strong></span> <span class='ocrx_word' id='word_1_51' title='bbox 1044 747 1127 810; x_wconf 89' lang='lat' dir='ltr'><strong>nulla</strong></span> <span class='ocrx_word' id='word_1_52' title='bbox 1147 769 1238 828; x_wconf 90' lang='lat' dir='ltr'><strong>pror-</strong></span> 
     </span>
     <span class='ocr_line' id='line_1_7' title="bbox 84 830 1236 913; baseline 0.003 -21"><span class='ocrx_word' id='word_1_53' title='bbox 84 849 141 892; x_wconf 91' lang='lat' dir='ltr'><strong>sus</strong></span> <span class='ocrx_word' id='word_1_54' title='bbox 167 831 221 892; x_wconf 89' lang='lat' dir='ltr'><strong>vel</strong></span> <span class='ocrx_word' id='word_1_55' title='bbox 247 830 392 912; x_wconf 86' lang='lat' dir='ltr'><strong>colloquii</strong></span> <span class='ocrx_word' id='word_1_56' title='bbox 412 833 626 894; x_wconf 89' lang='lat' dir='ltr'><strong>consolatione</strong></span> <span class='ocrx_word' id='word_1_57' title='bbox 649 831 775 913; x_wconf 84' lang='lat' dir='ltr'><strong>relicta,</strong></span> <span class='ocrx_word' id='word_1_58' title='bbox 802 841 957 912; x_wconf 87' lang='lat' dir='ltr'><strong>qnatenus</strong></span> <span class='ocrx_word' id='word_1_59' title='bbox 975 833 1077 894; x_wconf 87' lang='lat' dir='ltr'><strong>malae</strong></span> <span class='ocrx_word' id='word_1_60' title='bbox 1098 851 1236 896; x_wconf 89' lang='lat' dir='ltr'><strong>consue-</strong></span> 
     </span>
     <span class='ocr_line' id='line_1_8' title="bbox 84 915 1236 1000; baseline 0.004 -22"><span class='ocrx_word' id='word_1_61' title='bbox 84 915 202 978; x_wconf 89' lang='lat' dir='ltr'><strong>tudinis</strong></span> <span class='ocrx_word' id='word_1_62' title='bbox 228 916 340 982; x_wconf 87' lang='lat' dir='ltr'><strong>abrasa</strong></span> <span class='ocrx_word' id='word_1_63' title='bbox 367 917 477 1000; x_wconf 83' lang='lat' dir='ltr'><strong>rubigo</strong></span> <span class='ocrx_word' id='word_1_64' title='bbox 503 917 535 978; x_wconf 90' lang='lat' dir='ltr'><strong>in</strong></span> <span class='ocrx_word' id='word_1_65' title='bbox 555 925 701 998; x_wconf 89' lang='lat' dir='ltr'><strong>posteros</strong></span> <span class='ocrx_word' id='word_1_66' title='bbox 713 915 748 998; x_wconf 64' lang='grc'><strong>8)</strong></span> <span class='ocrx_word' id='word_1_67' title='bbox 774 917 890 983; x_wconf 78' lang='lat' dir='ltr'><strong>radicis</strong></span> <span class='ocrx_word' id='word_1_68' title='bbox 915 936 994 981; x_wconf 90' lang='lat' dir='ltr'><strong>suae</strong></span> <span class='ocrx_word' id='word_1_69' title='bbox 1020 937 1144 982; x_wconf 89' lang='lat' dir='ltr'><strong>veneno</strong></span> <span class='ocrx_word' id='word_1_70' title='bbox 1165 937 1236 983; x_wconf 89' lang='lat' dir='ltr'><strong>ser-</strong></span> 
     </span>
     <span class='ocr_line' id='line_1_9' title="bbox 9 999 885 1144; baseline -0.011 -79"><span class='ocrx_word' id='word_1_71' title='bbox 9 1013 10 1018; x_wconf 76' lang='grc'>’</span> <span class='ocrx_word' id='word_1_72' title='bbox 82 1019 241 1082; x_wconf 87' lang='lat' dir='ltr'><strong>perenon</strong></span> <span class='ocrx_word' id='word_1_73' title='bbox 261 999 417 1083; x_wconf 68' lang='lat' dir='ltr'><strong>possim).</strong></span> <span class='ocrx_word' id='word_1_74' title='bbox 615 1063 680 1144; x_wconf 57' lang='grc' dir='ltr'><strong>,Ν</strong></span> <span class='ocrx_word' id='word_1_75' title='bbox 717 1051 720 1057; x_wconf 25' lang='lat'><strong>⁴</strong></span> <span class='ocrx_word' id='word_1_76' title='bbox 884 1043 885 1046; x_wconf 15' lang='grc' dir='ltr'>η</span> 
     </span>
    </p>
   </div>
   <div class='ocr_carea' id='block_1_3' title="bbox 67 1162 1334 2099">
    <p class='ocr_par' dir='ltr' id='par_1_3' title="bbox 80 1162 1334 1905">
     <span class='ocr_line' id='line_1_10' title="bbox 169 1162 1302 1248; baseline 0.001 -19"><span class='ocrx_word' id='word_1_77' title='bbox 169 1169 207 1230; x_wconf 90' lang='lat' dir='ltr'><strong>Si</strong></span> <span class='ocrx_word' id='word_1_78' title='bbox 227 1167 298 1248; x_wconf 91' lang='lat' dir='ltr'><strong>quis</strong></span> <span class='ocrx_word' id='word_1_79' title='bbox 318 1183 397 1229; x_wconf 88' lang='lat' dir='ltr'><strong>sane</strong></span> <span class='ocrx_word' id='word_1_80' title='bbox 417 1164 598 1228; x_wconf 89' lang='lat' dir='ltr'><strong>clericomm</strong></span> <span class='ocrx_word' id='word_1_81' title='bbox 626 1162 774 1247; x_wconf 60' lang='lat' dir='ltr'><strong>agenat)</strong></span> <span class='ocrx_word' id='word_1_82' title='bbox 801 1163 854 1228; x_wconf 91' lang='lat' dir='ltr'><strong>vel</strong></span> <span class='ocrx_word' id='word_1_83' title='bbox 876 1165 1062 1247; x_wconf 74' lang='lat' dir='ltr'><strong>vineolasl)</strong></span> <span class='ocrx_word' id='word_1_84' title='bbox 1090 1171 1122 1232; x_wconf 88' lang='lat' dir='ltr'><strong>in</strong></span> <span class='ocrx_word' id='word_1_85' title='bbox 1147 1175 1237 1234; x_wconf 85' lang='lat' dir='ltr'><strong>terris</strong></span> <span class='ocrx_word' id='word_1_86' title='bbox 1296 1221 1302 1230; x_wconf 84' lang='lat'><em>.</em></span> 
     </span>
     <span class='ocr_line' id='line_1_11' title="bbox 84 1249 1239 1336; baseline 0.002 -20"><span class='ocrx_word' id='word_1_87' title='bbox 84 1253 244 1318; x_wconf 87' lang='lat' dir='ltr'><strong>ecclesiae</strong></span> <span class='ocrx_word' id='word_1_88' title='bbox 263 1253 323 1313; x_wconf 89' lang='lat' dir='ltr'><strong>sibi</strong></span> <span class='ocrx_word' id='word_1_89' title='bbox 343 1251 461 1313; x_wconf 83' lang='lat' dir='ltr'><strong>fecisse</strong></span> <span class='ocrx_word' id='word_1_90' title='bbox 482 1251 628 1330; x_wconf 87' lang='lat' dir='ltr'><strong>probatur</strong></span> <span class='ocrx_word' id='word_1_91' title='bbox 649 1249 875 1312; x_wconf 80' lang='lat' dir='ltr'><strong>sustentandae</strong></span> <span class='ocrx_word' id='word_1_92' title='bbox 896 1253 982 1313; x_wconf 89' lang='lat' dir='ltr'><strong>vitae</strong></span> <span class='ocrx_word' id='word_1_93' title='bbox 1003 1273 1115 1336; x_wconf 88' lang='lat' dir='ltr'><strong>causa,</strong></span> <span class='ocrx_word' id='word_1_94' title='bbox 1135 1275 1239 1336; x_wconf 85' lang='lat' dir='ltr'><strong>usque</strong></span> 
     </span>
     <span class='ocr_line' id='line_1_12' title="bbox 85 1335 1240 1416; baseline 0 -14"><span class='ocrx_word' id='word_1_95' title='bbox 85 1339 127 1402; x_wconf 89' lang='lat' dir='ltr'><strong>ad</strong></span> <span class='ocrx_word' id='word_1_96' title='bbox 156 1339 239 1400; x_wconf 88' lang='lat' dir='ltr'><strong>diem</strong></span> <span class='ocrx_word' id='word_1_97' title='bbox 269 1337 372 1400; x_wconf 91' lang='lat' dir='ltr'><strong>obitus</strong></span> <span class='ocrx_word' id='word_1_98' title='bbox 400 1336 450 1396; x_wconf 90' lang='lat' dir='ltr'><strong>sui</strong></span> <span class='ocrx_word' id='word_1_99' title='bbox 476 1335 658 1416; x_wconf 63' lang='lat' dir='ltr'><strong>possideam</strong></span> <span class='ocrx_word' id='word_1_100' title='bbox 689 1342 763 1414; x_wconf 93' lang='lat' dir='ltr'><strong>post</strong></span> <span class='ocrx_word' id='word_1_101' title='bbox 790 1335 881 1396; x_wconf 75' lang='lat' dir='ltr'><strong>stium</strong></span> <span class='ocrx_word' id='word_1_102' title='bbox 909 1355 986 1397; x_wconf 90' lang='lat' dir='ltr'><strong>vero</strong></span> <span class='ocrx_word' id='word_1_103' title='bbox 1012 1338 1052 1398; x_wconf 91' lang='lat' dir='ltr'><strong>de</strong></span> <span class='ocrx_word' id='word_1_104' title='bbox 1080 1339 1142 1403; x_wconf 89' lang='lat' dir='ltr'><strong>hac</strong></span> <span class='ocrx_word' id='word_1_105' title='bbox 1167 1341 1240 1404; x_wconf 89' lang='lat' dir='ltr'><strong>luce</strong></span> 
     </span>
     <span class='ocr_line' id='line_1_13' title="bbox 86 1419 1240 1501; baseline 0 -15"><span class='ocrx_word' id='word_1_106' title='bbox 86 1425 264 1488; x_wconf 87' lang='lat' dir='ltr'><strong>discessum</strong></span> <span class='ocrx_word' id='word_1_107' title='bbox 275 1419 308 1498; x_wconf 67' lang='lat' dir='ltr'><strong>a)</strong></span> <span class='ocrx_word' id='word_1_108' title='bbox 339 1419 430 1500; x_wconf 85' lang='lat' dir='ltr'><strong>juxta</strong></span> <span class='ocrx_word' id='word_1_109' title='bbox 460 1421 594 1499; x_wconf 86' lang='lat' dir='ltr'><strong>priorum</strong></span> <span class='ocrx_word' id='word_1_110' title='bbox 622 1435 775 1480; x_wconf 89' lang='lat' dir='ltr'><strong>canonum</strong></span> <span class='ocrx_word' id='word_1_111' title='bbox 797 1421 1044 1494; x_wconf 78' lang='lat' dir='ltr'><strong>&#39;constitutiones</strong></span> <span class='ocrx_word' id='word_1_112' title='bbox 1065 1421 1119 1501; x_wconf 88' lang='lat' dir='ltr'><strong>jus</strong></span> <span class='ocrx_word' id='word_1_113' title='bbox 1148 1442 1240 1487; x_wconf 88' lang='lat' dir='ltr'><strong>suurn</strong></span> 
     </span>
     <span class='ocr_line' id='line_1_14' title="bbox 90 1505 1241 1572; baseline 0.002 -2"><span class='ocrx_word' id='word_1_114' title='bbox 90 1505 248 1572; x_wconf 89' lang='lat' dir='ltr'><strong>ecclcsiae</strong></span> <span class='ocrx_word' id='word_1_115' title='bbox 280 1513 412 1566; x_wconf 87' lang='lat' dir='ltr'><strong>sanctae</strong></span> <span class='ocrx_word' id='word_1_116' title='bbox 445 1505 589 1565; x_wconf 91' lang='lat' dir='ltr'><strong>restituat</strong></span> <span class='ocrx_word' id='word_1_117' title='bbox 620 1522 681 1565; x_wconf 88' lang='lat' dir='ltr'><strong>nec</strong></span> <span class='ocrx_word' id='word_1_118' title='bbox 709 1505 942 1566; x_wconf 85' lang='lat' dir='ltr'><strong>testamentario</strong></span> <span class='ocrx_word' id='word_1_119' title='bbox 971 1524 1010 1568; x_wconf 90' lang='lat' dir='ltr'><strong>ac</strong></span> <span class='ocrx_word' id='word_1_120' title='bbox 1042 1510 1241 1572; x_wconf 86' lang='lat' dir='ltr'><strong>successorio</strong></span> 
     </span>
     <span class='ocr_line' id='line_1_15' title="bbox 80 1587 1239 1674; baseline 0.002 -19"><span class='ocrx_word' id='word_1_121' title='bbox 80 1593 152 1674; x_wconf 90' lang='lat' dir='ltr'><strong>jure</strong></span> <span class='ocrx_word' id='word_1_122' title='bbox 181 1593 325 1672; x_wconf 88' lang='lat' dir='ltr'><strong>cuiquam</strong></span> <span class='ocrx_word' id='word_1_123' title='bbox 346 1589 514 1656; x_wconf 84' lang='lat' dir='ltr'><strong>haeredum</strong></span> <span class='ocrx_word' id='word_1_124' title='bbox 535 1587 802 1668; x_wconf 81' lang='lat' dir='ltr'><strong>prohaeredumve</strong></span> <span class='ocrx_word' id='word_1_125' title='bbox 823 1589 991 1671; x_wconf 87' lang='lat' dir='ltr'><strong>relinquat,</strong></span> <span class='ocrx_word' id='word_1_126' title='bbox 1022 1592 1082 1652; x_wconf 87' lang='lat' dir='ltr'><strong>nisi</strong></span> <span class='ocrx_word' id='word_1_127' title='bbox 1109 1593 1239 1656; x_wconf 83' lang='lat' dir='ltr'><strong>forsitan</strong></span> 
     </span>
     <span class='ocr_line' id='line_1_16' title="bbox 87 1673 1334 1760; baseline 0.002 -20"><span class='ocrx_word' id='word_1_128' title='bbox 87 1679 140 1740; x_wconf 90' lang='lat' dir='ltr'><strong>cni</strong></span> <span class='ocrx_word' id='word_1_129' title='bbox 161 1677 329 1757; x_wconf 88' lang='lat' dir='ltr'><strong>episeopus</strong></span> <span class='ocrx_word' id='word_1_130' title='bbox 348 1694 404 1756; x_wconf 95' lang='lat' dir='ltr'><strong>pro</strong></span> <span class='ocrx_word' id='word_1_131' title='bbox 425 1673 564 1736; x_wconf 89' lang='lat' dir='ltr'><strong>servitiis</strong></span> <span class='ocrx_word' id='word_1_132' title='bbox 587 1693 628 1737; x_wconf 89' lang='lat' dir='ltr'><strong>ao</strong></span> <span class='ocrx_word' id='word_1_133' title='bbox 646 1673 859 1756; x_wconf 84' lang='lat' dir='ltr'><strong>praestatione</strong></span> <span class='ocrx_word' id='word_1_134' title='bbox 877 1675 1035 1738; x_wconf 82' lang='lat' dir='ltr'><strong>ccclesiae</strong></span> <span class='ocrx_word' id='word_1_135' title='bbox 1055 1676 1160 1760; x_wconf 86' lang='lat' dir='ltr'><strong>largiri</strong></span> <span class='ocrx_word' id='word_1_136' title='bbox 1177 1697 1240 1742; x_wconf 78' lang='lat' dir='ltr'><strong>vo-</strong></span> <span class='ocrx_word' id='word_1_137' title='bbox 1331 1699 1334 1704; x_wconf 91' lang='lat'><em>·</em></span> 
     </span>
     <span class='ocr_line' id='line_1_17' title="bbox 83 1761 1009 1905; baseline -0.001 -82"><span class='ocrx_word' id='word_1_138' title='bbox 83 1761 187 1825; x_wconf 89' lang='lat' dir='ltr'><strong>luerit.</strong></span> <span class='ocrx_word' id='word_1_139' title='bbox 641 1841 674 1905; x_wconf 79' lang='lat' dir='ltr'>V</span> <span class='ocrx_word' id='word_1_140' title='bbox 1007 1786 1009 1793; x_wconf 95' lang='lat'>·</span> 
     </span>
    </p>

    <p class='ocr_par' dir='ltr' id='par_1_4' title="bbox 67 1925 1274 2099">
     <span class='ocr_line' id='line_1_18' title="bbox 168 1925 1274 2012; baseline 0.003 -21"><span class='ocrx_word' id='word_1_141' title='bbox 168 1929 253 1992; x_wconf 88' lang='lat' dir='ltr'><strong>Nam</strong></span> <span class='ocrx_word' id='word_1_142' title='bbox 274 1935 308 1990; x_wconf 88' lang='lat' dir='ltr'><strong>et</strong></span> <span class='ocrx_word' id='word_1_143' title='bbox 327 1925 409 1989; x_wconf 88' lang='lat' dir='ltr'><strong>haec</strong></span> <span class='ocrx_word' id='word_1_144' title='bbox 429 1925 592 1988; x_wconf 85' lang='lat' dir='ltr'><strong>salubriter</strong></span> <span class='ocrx_word' id='word_1_145' title='bbox 611 1925 831 2006; x_wconf 86' lang='lat' dir='ltr'><strong>praecavenda</strong></span> <span class='ocrx_word' id='word_1_146' title='bbox 850 1927 1027 2012; x_wconf 83' lang='lat' dir='ltr'><strong>sancimus,</strong></span> <span class='ocrx_word' id='word_1_147' title='bbox 1055 1929 1140 2010; x_wconf 68' lang='lat' dir='ltr'><strong>nei)</strong></span> <span class='ocrx_word' id='word_1_148' title='bbox 1168 1934 1239 2012; x_wconf 90' lang='lat' dir='ltr'><strong>quis</strong></span> <span class='ocrx_word' id='word_1_149' title='bbox 1271 1999 1274 2008; x_wconf 14' lang='grc' dir='ltr'>Χ</span> 
     </span>
     <span class='ocr_line' id='line_1_19' title="bbox 67 2011 1241 2099; baseline 0 -20"><span class='ocrx_word' id='word_1_150' title='bbox 67 2014 223 2079; x_wconf 75' lang='lat' dir='ltr'><strong>&#39;fidelium</strong></span> <span class='ocrx_word' id='word_1_151' title='bbox 248 2013 450 2094; x_wconf 87' lang='lat' dir='ltr'><strong>propinquam</strong></span> <span class='ocrx_word' id='word_1_152' title='bbox 477 2011 641 2092; x_wconf 87' lang='lat' dir='ltr'><strong>sanguinis</strong></span> <span class='ocrx_word' id='word_1_153' title='bbox 667 2013 740 2099; x_wconf 87' lang='lat' dir='ltr'><strong>sui,</strong></span> <span class='ocrx_word' id='word_1_154' title='bbox 761 2015 925 2094; x_wconf 88' lang='lat' dir='ltr'><strong>usquequo</strong></span> <span class='ocrx_word' id='word_1_155' title='bbox 953 2013 1120 2077; x_wconf 84' lang='lat' dir='ltr'><strong>affinitatis·</strong></span> <span class='ocrx_word' id='word_1_156' title='bbox 1138 2017 1241 2079; x_wconf 84' lang='lat' dir='ltr'><strong>lirrea-</strong></span> 
     </span>
    </p>
   </div>
   <div class='ocr_carea' id='block_1_4' title="bbox 85 2097 1338 2182">
    <p class='ocr_par' dir='ltr' id='par_1_5' title="bbox 85 2097 1338 2182">
     <span class='ocr_line' id='line_1_20' title="bbox 85 2097 1338 2182; baseline -0.005 -18"><span class='ocrx_word' id='word_1_157' title='bbox 85 2109 194 2164; x_wconf 87' lang='lat' dir='ltr'><strong>menta</strong></span> <span class='ocrx_word' id='word_1_158' title='bbox 214 2099 341 2182; x_wconf 90' lang='lat' dir='ltr'><strong>generis</strong></span> <span class='ocrx_word' id='word_1_159' title='bbox 352 2098 385 2175; x_wconf 81' lang='lat'><strong>⁹)</strong></span> <span class='ocrx_word' id='word_1_160' title='bbox 408 2098 612 2160; x_wconf 82' lang='lat' dir='ltr'><strong>successione</strong></span> <span class='ocrx_word' id='word_1_161' title='bbox 635 2097 810 2179; x_wconf 78' lang='lat' dir='ltr'><strong>cognoscit,</strong></span> <span class='ocrx_word' id='word_1_162' title='bbox 833 2099 863 2158; x_wconf 94' lang='lat' dir='ltr'><strong>in</strong></span> <span class='ocrx_word' id='word_1_163' title='bbox 885 2101 1076 2162; x_wconf 86' lang='lat' dir='ltr'><strong>matrimonio</strong></span> <span class='ocrx_word' id='word_1_164' title='bbox 1099 2102 1159 2162; x_wconf 90' lang='lat' dir='ltr'><strong>sibi</strong></span> <span class='ocrx_word' id='word_1_165' title='bbox 1180 2102 1240 2164; x_wconf 91' lang='lat' dir='ltr'><strong>de·</strong></span> <span class='ocrx_word' id='word_1_166' title='bbox 1335 2151 1338 2158; x_wconf 79' lang='grc'>,</span> 
     </span>
    </p>
   </div>
   <div class='ocr_carea' id='block_1_5' title="bbox 41 2181 1307 3617">
    <p class='ocr_par' dir='ltr' id='par_1_6' title="bbox 41 2181 1307 3617">
     <span class='ocr_line' id='line_1_21' title="bbox 41 2181 1240 2268; baseline -0.001 -18"><span class='ocrx_word' id='word_1_167' title='bbox 41 2182 47 2200; x_wconf 66' lang='grc'><strong>“</strong></span> <span class='ocrx_word' id='word_1_168' title='bbox 85 2186 205 2250; x_wconf 83' lang='lat' dir='ltr'><strong>siderei</strong></span> <span class='ocrx_word' id='word_1_169' title='bbox 223 2183 372 2264; x_wconf 86' lang='lat' dir='ltr'><strong>copulari,</strong></span> <span class='ocrx_word' id='word_1_170' title='bbox 392 2182 537 2262; x_wconf 88' lang='lat' dir='ltr'><strong>quoniam</strong></span> <span class='ocrx_word' id='word_1_171' title='bbox 556 2182 707 2261; x_wconf 88' lang='lat' dir='ltr'><strong>scriptum</strong></span> <span class='ocrx_word' id='word_1_172' title='bbox 728 2190 804 2244; x_wconf 78' lang='lat' dir='ltr'><strong>estr.</strong></span> <span class='ocrx_word' id='word_1_173' title='bbox 827 2181 936 2246; x_wconf 80' lang='lat' dir='ltr'><strong>Omnis</strong></span> <span class='ocrx_word' id='word_1_174' title='bbox 956 2183 1046 2246; x_wconf 86' lang='lat' dir='ltr'><strong>bomo</strong></span> <span class='ocrx_word' id='word_1_175' title='bbox 1069 2186 1113 2246; x_wconf 85' lang='lat' dir='ltr'><strong>ad</strong></span> <span class='ocrx_word' id='word_1_176' title='bbox 1126 2189 1240 2268; x_wconf 69' lang='lat' dir='ltr'><strong>quoci-</strong></span> 
     </span>
     <span class='ocr_line' id='line_1_22' title="bbox 86 2265 1241 2351; baseline 0.001 -18"><span class='ocrx_word' id='word_1_177' title='bbox 86 2291 172 2334; x_wconf 87' lang='lat' dir='ltr'><strong>mam</strong></span> <span class='ocrx_word' id='word_1_178' title='bbox 197 2269 367 2350; x_wconf 82' lang='lat' dir='ltr'><strong>sauguinis</strong></span> <span class='ocrx_word' id='word_1_179' title='bbox 393 2269 445 2327; x_wconf 82' lang='lat' dir='ltr'><strong>sui</strong></span> <span class='ocrx_word' id='word_1_180' title='bbox 464 2285 529 2326; x_wconf 81' lang='lat' dir='ltr'><strong>nou</strong></span> <span class='ocrx_word' id='word_1_181' title='bbox 556 2267 709 2342; x_wconf 81' lang='lat' dir='ltr'><strong>accedat,</strong></span> <span class='ocrx_word' id='word_1_182' title='bbox 740 2265 843 2344; x_wconf 82' lang='lat' dir='ltr'><strong>ut¹⁰)</strong></span> <span class='ocrx_word' id='word_1_183' title='bbox 870 2267 989 2330; x_wconf 79' lang='lat' dir='ltr'><strong>revelet</strong></span> <span class='ocrx_word' id='word_1_184' title='bbox 1009 2272 1241 2351; x_wconf 75' lang='lat' dir='ltr'><strong>tuqritudiuem</strong></span> 
     </span>
     <span class='ocr_line' id='line_1_23' title="bbox 87 2350 1242 2436; baseline 0.001 -19"><span class='ocrx_word' id='word_1_185' title='bbox 87 2358 176 2436; x_wconf 82' lang='lat' dir='ltr'><strong>ejus,</strong></span> <span class='ocrx_word' id='word_1_186' title='bbox 206 2373 268 2416; x_wconf 91' lang='lat' dir='ltr'><strong>nec</strong></span> <span class='ocrx_word' id='word_1_187' title='bbox 295 2353 364 2414; x_wconf 87' lang='lat' dir='ltr'><strong>sine</strong></span> <span class='ocrx_word' id='word_1_188' title='bbox 391 2350 630 2414; x_wconf 86' lang='lat' dir='ltr'><strong>denunciatione</strong></span> <span class='ocrx_word' id='word_1_189' title='bbox 656 2351 1021 2432; x_wconf 81' lang='lat' dir='ltr'><strong>sententiae11),·nan</strong></span> <span class='ocrx_word' id='word_1_190' title='bbox 1046 2353 1242 2435; x_wconf 87' lang='lat' dir='ltr'><strong>paulopost</strong></span> 
     </span>
     <span class='ocr_line' id='line_1_24' title="bbox 85 2436 1242 2516; baseline -0.002 -14"><span class='ocrx_word' id='word_1_191' title='bbox 85 2442 180 2502; x_wconf 89' lang='lat' dir='ltr'><strong>infert</strong></span> <span class='ocrx_word' id='word_1_192' title='bbox 201 2447 234 2500; x_wconf 90' lang='lat' dir='ltr'><strong>et</strong></span> <span class='ocrx_word' id='word_1_193' title='bbox 254 2438 347 2502; x_wconf 90' lang='lat' dir='ltr'><strong>dicit:</strong></span> <span class='ocrx_word' id='word_1_194' title='bbox 376 2437 498 2498; x_wconf 83' lang='lat' dir='ltr'><strong>Anima</strong></span> <span class='ocrx_word' id='word_1_195' title='bbox 529 2447 610 2516; x_wconf 81' lang='lat' dir='ltr'><strong>quaa</strong></span> <span class='ocrx_word' id='word_1_196' title='bbox 633 2437 754 2514; x_wconf 84' lang='lat' dir='ltr'><strong>feccrit</strong></span> <span class='ocrx_word' id='word_1_197' title='bbox 783 2436 823 2498; x_wconf 87' lang='lat' dir='ltr'><strong>dc</strong></span> <span class='ocrx_word' id='word_1_198' title='bbox 851 2437 1138 2502; x_wconf 77' lang='lat' dir='ltr'><strong>abominationibus</strong></span> <span class='ocrx_word' id='word_1_199' title='bbox 1166 2443 1242 2502; x_wconf 82' lang='lat' dir='ltr'><strong>istis</strong></span> 
     </span>
     <span class='ocr_line' id='line_1_25' title="bbox 88 2519 1243 2608; baseline 0 -22"><span class='ocrx_word' id='word_1_200' title='bbox 88 2525 270 2608; x_wconf 83' lang='lat' dir='ltr'><strong>quidpiam,</strong></span> <span class='ocrx_word' id='word_1_201' title='bbox 291 2521 417 2604; x_wconf 79' lang='lat' dir='ltr'><strong>peribit</strong></span> <span class='ocrx_word' id='word_1_202' title='bbox 445 2521 615 2582; x_wconf 84' lang='lat' dir='ltr'><strong>demedio</strong></span> <span class='ocrx_word' id='word_1_203' title='bbox 637 2519 751 2600; x_wconf 70' lang='lat' dir='ltr'><strong>parata·</strong></span> <span class='ocrx_word' id='word_1_204' title='bbox 777 2521 839 2582; x_wconf 85' lang='lat' dir='ltr'><strong>sui.</strong></span> <span class='ocrx_word' id='word_1_205' title='bbox 887 2522 1017 2601; x_wconf 80' lang='lat' dir='ltr'><strong>Siquis</strong></span> <span class='ocrx_word' id='word_1_206' title='bbox 1044 2543 1128 2604; x_wconf 80' lang='lat' dir='ltr'><strong>crgo·</strong></span> <span class='ocrx_word' id='word_1_207' title='bbox 1148 2523 1243 2603; x_wconf 89' lang='lat' dir='ltr'><strong>hujus</strong></span> 
     </span>
     <span class='ocr_line' id='line_1_26' title="bbox 86 2595 1257 2688; baseline -0.001 -16"><span class='ocrx_word' id='word_1_208' title='bbox 86 2609 208 2672; x_wconf 88' lang='lat' dir='ltr'><strong>decreti</strong></span> <span class='ocrx_word' id='word_1_209' title='bbox 233 2608 332 2670; x_wconf 85' lang='lat' dir='ltr'><strong>nostri</strong></span> <span class='ocrx_word' id='word_1_210' title='bbox 346 2605 399 2684; x_wconf 81' lang='lat'><strong>¹²)</strong></span> <span class='ocrx_word' id='word_1_211' title='bbox 428 2595 594 2669; x_wconf 81' lang='lat' dir='ltr'><strong>t&#39;emerator</strong></span> <span class='ocrx_word' id='word_1_212' title='bbox 619 2605 758 2664; x_wconf 82' lang='lat' dir='ltr'><strong>extiterit</strong></span> <span class='ocrx_word' id='word_1_213' title='bbox 785 2622 824 2666; x_wconf 84' lang='lat' dir='ltr'><strong>ao</strong></span> <span class='ocrx_word' id='word_1_214' title='bbox 849 2607 982 2667; x_wconf 89' lang='lat' dir='ltr'><strong>vetitum</strong></span> <span class='ocrx_word' id='word_1_215' title='bbox 1002 2607 1120 2670; x_wconf 88' lang='lat' dir='ltr'><strong>violare</strong></span> <span class='ocrx_word' id='word_1_216' title='bbox 1144 2627 1257 2688; x_wconf 82' lang='lat' dir='ltr'><strong>prae--</strong></span> 
     </span>
     <span class='ocr_line' id='line_1_27' title="bbox 86 2688 1242 2775; baseline -0.001 -17"><span class='ocrx_word' id='word_1_217' title='bbox 86 2695 272 2774; x_wconf 85' lang='lat' dir='ltr'><strong>snnpserit,</strong></span> <span class='ocrx_word' id='word_1_218' title='bbox 294 2698 381 2754; x_wconf 89' lang='lat' dir='ltr'><strong>tanto</strong></span> <span class='ocrx_word' id='word_1_219' title='bbox 402 2691 538 2771; x_wconf 83' lang='lat' dir='ltr'><strong>graviori</strong></span> <span class='ocrx_word' id='word_1_220' title='bbox 558 2688 825 2751; x_wconf 76' lang='lat' dir='ltr'><strong>samulotarrdum</strong></span> <span class='ocrx_word' id='word_1_221' title='bbox 846 2691 1003 2767; x_wconf 86' lang='lat' dir='ltr'><strong>sententia</strong></span> <span class='ocrx_word' id='word_1_222' title='bbox 1022 2702 1242 2775; x_wconf 85' lang='lat' dir='ltr'><strong>recognoscat,</strong></span> 
     </span>
     <span class='ocr_line' id='line_1_28' title="bbox 87 2774 1307 2860; baseline 0.004 -20"><span class='ocrx_word' id='word_1_223' title='bbox 87 2787 207 2860; x_wconf 90' lang='lat' dir='ltr'><strong>quanto</strong></span> <span class='ocrx_word' id='word_1_224' title='bbox 234 2797 303 2840; x_wconf 91' lang='lat' dir='ltr'><strong>eam</strong></span> <span class='ocrx_word' id='word_1_225' title='bbox 329 2777 577 2856; x_wconf 76' lang='lat' dir='ltr'><strong>propinquiorem</strong></span> <span class='ocrx_word' id='word_1_226' title='bbox 598 2775 648 2834; x_wconf 86' lang='lat' dir='ltr'><strong>cni</strong></span> <span class='ocrx_word' id='word_1_227' title='bbox 670 2774 807 2852; x_wconf 87' lang='lat' dir='ltr'><strong>copulari</strong></span> <span class='ocrx_word' id='word_1_228' title='bbox 826 2793 863 2834; x_wconf 92' lang='lat' dir='ltr'><strong>se</strong></span> <span class='ocrx_word' id='word_1_229' title='bbox 884 2777 992 2838; x_wconf 88' lang='lat' dir='ltr'><strong>maluit</strong></span> <span class='ocrx_word' id='word_1_230' title='bbox 1012 2795 1090 2838; x_wconf 90' lang='lat' dir='ltr'><strong>suae</strong></span> <span class='ocrx_word' id='word_1_231' title='bbox 1112 2779 1242 2860; x_wconf 85' lang='lat' dir='ltr'><strong>originis</strong></span> <span class='ocrx_word' id='word_1_232' title='bbox 1302 2838 1307 2845; x_wconf 86' lang='lat'>.</span> 
     </span>
     <span class='ocr_line' id='line_1_29' title="bbox 88 2859 1242 2942; baseline -0.002 -14"><span class='ocrx_word' id='word_1_233' title='bbox 88 2883 166 2929; x_wconf 85' lang='lat' dir='ltr'><strong>esse</strong></span> <span class='ocrx_word' id='word_1_234' title='bbox 192 2882 255 2924; x_wconf 90' lang='lat' dir='ltr'><strong>non</strong></span> <span class='ocrx_word' id='word_1_235' title='bbox 284 2859 496 2942; x_wconf 74' lang='lat' dir='ltr'><strong>ambigit¹³)‚</strong></span> <span class='ocrx_word' id='word_1_236' title='bbox 529 2865 679 2938; x_wconf 88' lang='lat' dir='ltr'><strong>tantoque</strong></span> <span class='ocrx_word' id='word_1_237' title='bbox 708 2859 881 2921; x_wconf 88' lang='lat' dir='ltr'><strong>annosioris</strong></span> <span class='ocrx_word' id='word_1_238' title='bbox 911 2864 1242 2926; x_wconf 84' lang='lat' dir='ltr'><strong>excommunicationis</strong></span> 
     </span>
     <span class='ocr_line' id='line_1_30' title="bbox 86 2943 1243 3030; baseline 0 -19"><span class='ocrx_word' id='word_1_239' title='bbox 86 2958 230 3030; x_wconf 87' lang='lat' dir='ltr'><strong>tempore</strong></span> <span class='ocrx_word' id='word_1_240' title='bbox 252 2945 349 3023; x_wconf 73' lang='lat' dir='ltr'><strong>et¹⁴)</strong></span> <span class='ocrx_word' id='word_1_241' title='bbox 378 2964 403 3022; x_wconf 88' lang='lat' dir='ltr'><strong>a.</strong></span> <span class='ocrx_word' id='word_1_242' title='bbox 419 2943 537 3008; x_wconf 84' lang='lat' dir='ltr'><strong>Christi</strong></span> <span class='ocrx_word' id='word_1_243' title='bbox 562 2961 692 3022; x_wconf 88' lang='lat' dir='ltr'><strong>corpore</strong></span> <span class='ocrx_word' id='word_1_244' title='bbox 720 2951 753 3004; x_wconf 91' lang='lat' dir='ltr'><strong>et</strong></span> <span class='ocrx_word' id='word_1_245' title='bbox 779 2945 980 3008; x_wconf 86' lang='lat' dir='ltr'><strong>fratemitatis</strong></span> <span class='ocrx_word' id='word_1_246' title='bbox 1006 2949 1162 3010; x_wconf 90' lang='lat' dir='ltr'><strong>consortio</strong></span> <span class='ocrx_word' id='word_1_247' title='bbox 1184 2967 1243 3010; x_wconf 84' lang='lat' dir='ltr'><strong>se-</strong></span> 
     </span>
     <span class='ocr_line' id='line_1_31' title="bbox 86 3029 1242 3116; baseline 0.002 -22"><span class='ocrx_word' id='word_1_248' title='bbox 86 3040 286 3116; x_wconf 87' lang='lat' dir='ltr'><strong>questretur,</strong></span> <span class='ocrx_word' id='word_1_249' title='bbox 324 3037 440 3110; x_wconf 89' lang='lat' dir='ltr'><strong>quanto</strong></span> <span class='ocrx_word' id='word_1_250' title='bbox 470 3029 564 3090; x_wconf 86' lang='lat' dir='ltr'><strong>fuerit</strong></span> <span class='ocrx_word' id='word_1_251' title='bbox 593 3029 819 3108; x_wconf 89' lang='lat' dir='ltr'><strong>propinquioris</strong></span> <span class='ocrx_word' id='word_1_252' title='bbox 835 3085 839 3093; x_wconf 84' lang='grc'>,</span> <span class='ocrx_word' id='word_1_253' title='bbox 854 3032 1019 3112; x_wconf 85' lang='lat' dir='ltr'><strong>sanguinis</strong></span> <span class='ocrx_word' id='word_1_254' title='bbox 1050 3033 1242 3116; x_wconf 86' lang='lat' dir='ltr'><strong>contagione</strong></span> 
     </span>
     <span class='ocr_line' id='line_1_32' title="bbox 58 3113 1242 3202; baseline 0 -22"><span class='ocrx_word' id='word_1_255' title='bbox 58 3119 60 3124; x_wconf 81' lang='grc'><strong>’</strong></span> <span class='ocrx_word' id='word_1_256' title='bbox 87 3119 237 3202; x_wconf 87' lang='lat' dir='ltr'><strong>pollutus.</strong></span> <span class='ocrx_word' id='word_1_257' title='bbox 277 3113 380 3194; x_wconf 88' lang='lat' dir='ltr'><strong>Hujus</strong></span> <span class='ocrx_word' id='word_1_258' title='bbox 400 3113 603 3176; x_wconf 89' lang='lat' dir='ltr'><strong>institutionis</strong></span> <span class='ocrx_word' id='word_1_259' title='bbox 622 3113 779 3194; x_wconf 84' lang='lat' dir='ltr'><strong>regulam,</strong></span> <span class='ocrx_word' id='word_1_260' title='bbox 801 3114 921 3193; x_wconf 78' lang='lat' dir='ltr'><strong>qui¹⁵J</strong></span> <span class='ocrx_word' id='word_1_261' title='bbox 943 3119 1175 3200; x_wconf 89' lang='lat' dir='ltr'><strong>subscribimus,</strong></span> <span class='ocrx_word' id='word_1_262' title='bbox 1196 3119 1242 3180; x_wconf 91' lang='lat' dir='ltr'><strong>ir-</strong></span> 
     </span>
     <span class='ocr_line' id='line_1_33' title="bbox 89 3199 1241 3286; baseline -0.001 -19"><span class='ocrx_word' id='word_1_263' title='bbox 89 3199 268 3286; x_wconf 84' lang='lat' dir='ltr'><strong>refragabili</strong></span> <span class='ocrx_word' id='word_1_264' title='bbox 289 3200 473 3262; x_wconf 87' lang='lat' dir='ltr'><strong>auctoritate</strong></span> <span class='ocrx_word' id='word_1_265' title='bbox 492 3217 553 3260; x_wconf 93' lang='lat' dir='ltr'><strong>nos</strong></span> <span class='ocrx_word' id='word_1_266' title='bbox 573 3199 765 3276; x_wconf 88' lang='lat' dir='ltr'><strong>spondemus</strong></span> <span class='ocrx_word' id='word_1_267' title='bbox 785 3207 981 3282; x_wconf 80' lang='lat' dir='ltr'><strong>servaturos3</strong></span> <span class='ocrx_word' id='word_1_268' title='bbox 1002 3203 1115 3282; x_wconf 91' lang='lat' dir='ltr'><strong>siquis</strong></span> <span class='ocrx_word' id='word_1_269' title='bbox 1136 3211 1241 3268; x_wconf 85' lang='lat' dir='ltr'><strong>autem</strong></span> 
     </span>
     <span class='ocr_line' id='line_1_34' title="bbox 88 3283 1242 3367; baseline 0.007 -21"><span class='ocrx_word' id='word_1_270' title='bbox 88 3299 156 3355; x_wconf 80' lang='lat' dir='ltr'><strong>tam</strong></span> <span class='ocrx_word' id='word_1_271' title='bbox 170 3286 224 3365; x_wconf 70' lang='lat' dir='ltr'><strong>ra)</strong></span> <span class='ocrx_word' id='word_1_272' title='bbox 253 3292 392 3346; x_wconf 90' lang='lat' dir='ltr'><strong>nostrum</strong></span> <span class='ocrx_word' id='word_1_273' title='bbox 416 3283 470 3344; x_wconf 89' lang='lat' dir='ltr'><strong>vcl</strong></span> <span class='ocrx_word' id='word_1_274' title='bbox 497 3301 619 3363; x_wconf 90' lang='lat' dir='ltr'><strong>corum,</strong></span> <span class='ocrx_word' id='word_1_275' title='bbox 647 3283 700 3362; x_wconf 92' lang='lat' dir='ltr'><strong>qui</strong></span> <span class='ocrx_word' id='word_1_276' title='bbox 720 3301 803 3344; x_wconf 90' lang='lat' dir='ltr'><strong>nunc</strong></span> <span class='ocrx_word' id='word_1_277' title='bbox 822 3293 953 3346; x_wconf 87' lang='lat' dir='ltr'><strong>sanctae</strong></span> <span class='ocrx_word' id='word_1_278' title='bbox 972 3287 1094 3367; x_wconf 86' lang='lat' dir='ltr'><strong>synodo</strong></span> <span class='ocrx_word' id='word_1_279' title='bbox 1117 3307 1159 3351; x_wconf 87' lang='lat' dir='ltr'><strong>ex</strong></span> <span class='ocrx_word' id='word_1_280' title='bbox 1179 3287 1242 3354; x_wconf 81' lang='lat' dir='ltr'><strong>hau</strong></span> 
     </span>
     <span class='ocr_line' id='line_1_35' title="bbox 87 3366 1243 3457; baseline -0.001 -21"><span class='ocrx_word' id='word_1_281' title='bbox 87 3373 252 3457; x_wconf 89' lang='lat' dir='ltr'><strong>provincia</strong></span> <span class='ocrx_word' id='word_1_282' title='bbox 273 3369 453 3448; x_wconf 89' lang='lat' dir='ltr'><strong>defuerunt,</strong></span> <span class='ocrx_word' id='word_1_283' title='bbox 480 3367 554 3428; x_wconf 90' lang='lat' dir='ltr'><strong>huic</strong></span> <span class='ocrx_word' id='word_1_284' title='bbox 575 3375 640 3428; x_wconf 90' lang='lat' dir='ltr'><strong>tam</strong></span> <span class='ocrx_word' id='word_1_285' title='bbox 661 3366 776 3438; x_wconf 86' lang='lat' dir='ltr'><strong>salubri</strong></span> <span class='ocrx_word' id='word_1_286' title='bbox 796 3367 977 3432; x_wconf 86' lang='lat' dir='ltr'><strong>ordinationi</strong></span> <span class='ocrx_word' id='word_1_287' title='bbox 999 3372 1126 3434; x_wconf 87' lang='lat' dir='ltr'><strong>obviare</strong></span> <span class='ocrx_word' id='word_1_288' title='bbox 1146 3392 1243 3454; x_wconf 86' lang='lat' dir='ltr'><strong>prae-</strong></span> 
     </span>
     <span class='ocr_line' id='line_1_36' title="bbox 84 3451 1242 3538; baseline 0.002 -16"><span class='ocrx_word' id='word_1_289' title='bbox 84 3461 260 3538; x_wconf 84' lang='lat' dir='ltr'><strong>sumpserit</strong></span> <span class='ocrx_word' id='word_1_290' title='bbox 273 3455 327 3516; x_wconf 90' lang='lat' dir='ltr'><strong>vel</strong></span> <span class='ocrx_word' id='word_1_291' title='bbox 345 3452 541 3530; x_wconf 56' lang='lat' dir='ltr'><strong>soler-reru)</strong></span> <span class='ocrx_word' id='word_1_292' title='bbox 563 3451 730 3530; x_wconf 89' lang='lat' dir='ltr'><strong>adimplere</strong></span> <span class='ocrx_word' id='word_1_293' title='bbox 751 3453 937 3534; x_wconf 88' lang='lat' dir='ltr'><strong>neglexerit,</strong></span> <span class='ocrx_word' id='word_1_294' title='bbox 957 3457 1122 3522; x_wconf 89' lang='lat' dir='ltr'><strong>convictus</strong></span> <span class='ocrx_word' id='word_1_295' title='bbox 1144 3459 1242 3524; x_wconf 82' lang='lat' dir='ltr'><strong>totius</strong></span> 
     </span>
     <span class='ocr_line' id='line_1_37' title="bbox 88 3535 1283 3617; baseline -0.007 -9"><span class='ocrx_word' id='word_1_296' title='bbox 88 3546 247 3617; x_wconf 78' lang='lat' dir='ltr'><strong>iratemac</strong></span> <span class='ocrx_word' id='word_1_297' title='bbox 268 3537 406 3599; x_wconf 85' lang='lat' dir='ltr'><strong>caritatis</strong></span> <span class='ocrx_word' id='word_1_298' title='bbox 427 3535 680 3616; x_wconf 84' lang='lat' dir='ltr'><strong>aliquamdiu¹⁸)</strong></span> <span class='ocrx_word' id='word_1_299' title='bbox 700 3537 851 3598; x_wconf 87' lang='lat' dir='ltr'><strong>habeatur</strong></span> <span class='ocrx_word' id='word_1_300' title='bbox 872 3541 1069 3606; x_wconf 77' lang='lat' dir='ltr'><strong>extraneus.¹</strong></span> <span class='ocrx_word' id='word_1_301' title='bbox 1180 3597 1183 3600; x_wconf 87' lang='lat'>.</span> <span class='ocrx_word' id='word_1_302' title='bbox 1279 3558 1283 3567; x_wconf 90' lang='lat'><strong>·</strong></span> 
     </span>
    </p>
   </div>
   <div class='ocr_carea' id='block_1_6' title="bbox 66 3617 1346 3707">
    <p class='ocr_par' dir='ltr' id='par_1_7' title="bbox 66 3617 1346 3707">
     <span class='ocr_line' id='line_1_38' title="bbox 66 3617 1346 3707; baseline 0.005 -22"><span class='ocrx_word' id='word_1_303' title='bbox 66 3647 68 3650; x_wconf 91' lang='lat'>·</span> <span class='ocrx_word' id='word_1_304' title='bbox 180 3625 266 3686; x_wconf 87' lang='lat' dir='ltr'><strong>Sanc</strong></span> <span class='ocrx_word' id='word_1_305' title='bbox 291 3619 383 3699; x_wconf 84' lang='lat' dir='ltr'><strong>juxta</strong></span> <span class='ocrx_word' id='word_1_306' title='bbox 408 3622 541 3700; x_wconf 91' lang='lat' dir='ltr'><strong>priorum</strong></span> <span class='ocrx_word' id='word_1_307' title='bbox 566 3639 720 3684; x_wconf 91' lang='lat' dir='ltr'><strong>canonum</strong></span> <span class='ocrx_word' id='word_1_308' title='bbox 741 3617 869 3684; x_wconf 82' lang='lat' dir='ltr'><strong>decreta</strong></span> <span class='ocrx_word' id='word_1_309' title='bbox 889 3627 1053 3688; x_wconf 89' lang='lat' dir='ltr'><strong>concilium</strong></span> <span class='ocrx_word' id='word_1_310' title='bbox 1073 3629 1156 3707; x_wconf 89' lang='lat' dir='ltr'><strong>apud</strong></span> <span class='ocrx_word' id='word_1_311' title='bbox 1176 3629 1242 3691; x_wconf 85' lang='lat' dir='ltr'><strong>ira·</strong></span> <span class='ocrx_word' id='word_1_312' title='bbox 1344 3638 1346 3646; x_wconf 80' lang='lat'><em>&#39;</em></span> 
     </span>
    </p>
   </div>
   <div class='ocr_carea' id='block_1_7' title="bbox 90 3705 1279 3963">
    <p class='ocr_par' dir='ltr' id='par_1_8' title="bbox 90 3705 1279 3963">
     <span class='ocr_line' id='line_1_39' title="bbox 90 3705 1279 3789; baseline 0 -15"><span class='ocrx_word' id='word_1_313' title='bbox 90 3713 330 3774; x_wconf 89' lang='lat' dir='ltr'><strong>tremnostrum</strong></span> <span class='ocrx_word' id='word_1_314' title='bbox 352 3705 535 3768; x_wconf 90' lang='lat' dir='ltr'><strong>Montanum</strong></span> <span class='ocrx_word' id='word_1_315' title='bbox 556 3709 756 3789; x_wconf 89' lang='lat' dir='ltr'><strong>episcopum,</strong></span> <span class='ocrx_word' id='word_1_316' title='bbox 777 3709 806 3768; x_wconf 90' lang='lat' dir='ltr'><strong>si</strong></span> <span class='ocrx_word' id='word_1_317' title='bbox 827 3707 968 3771; x_wconf 87' lang='lat' dir='ltr'><strong>dominus</strong></span> <span class='ocrx_word' id='word_1_318' title='bbox 989 3712 1132 3788; x_wconf 89' lang='lat' dir='ltr'><strong>voluerit,</strong></span> <span class='ocrx_word' id='word_1_319' title='bbox 1152 3713 1240 3774; x_wconf 87' lang='lat' dir='ltr'><strong>futu·</strong></span> <span class='ocrx_word' id='word_1_320' title='bbox 1275 3745 1279 3748; x_wconf 93' lang='lat'>·</span> 
     </span>
     <span class='ocr_line' id='line_1_40' title="bbox 92 3788 1242 3876; baseline 0.003 -21"><span class='ocrx_word' id='word_1_321' title='bbox 92 3815 160 3860; x_wconf 89' lang='lat' dir='ltr'><strong>rum</strong></span> <span class='ocrx_word' id='word_1_322' title='bbox 180 3789 423 3876; x_wconf 85' lang='lat' dir='ltr'><strong>pronuntiamus,</strong></span> <span class='ocrx_word' id='word_1_323' title='bbox 444 3788 488 3852; x_wconf 90' lang='lat' dir='ltr'><strong>ita</strong></span> <span class='ocrx_word' id='word_1_324' title='bbox 508 3791 608 3870; x_wconf 80' lang='lat' dir='ltr'><strong>ut¹⁹)</strong></span> <span class='ocrx_word' id='word_1_325' title='bbox 629 3791 724 3854; x_wconf 86' lang='lat' dir='ltr'><strong>frater</strong></span> <span class='ocrx_word' id='word_1_326' title='bbox 745 3791 1002 3874; x_wconf 76' lang='lat' dir='ltr'><strong>et&#39;coiipiscopus</strong></span> <span class='ocrx_word' id='word_1_327' title='bbox 1022 3805 1129 3858; x_wconf 88' lang='lat' dir='ltr'><strong>noster</strong></span> <span class='ocrx_word' id='word_1_328' title='bbox 1144 3797 1242 3858; x_wconf 88' lang='lat' dir='ltr'><strong>Mon·</strong></span> 
     </span>
     <span class='ocr_line' id='line_1_41' title="bbox 93 3876 1243 3963; baseline 0.003 -19"><span class='ocrx_word' id='word_1_329' title='bbox 93 3891 201 3963; x_wconf 89' lang='lat' dir='ltr'><strong>tanus,</strong></span> <span class='ocrx_word' id='word_1_330' title='bbox 222 3879 276 3962; x_wconf 94' lang='lat' dir='ltr'><strong>qui</strong></span> <span class='ocrx_word' id='word_1_331' title='bbox 296 3877 329 3938; x_wconf 93' lang='lat' dir='ltr'><strong>in</strong></span> <span class='ocrx_word' id='word_1_332' title='bbox 349 3876 511 3958; x_wconf 89' lang='lat' dir='ltr'><strong>metropoli</strong></span> <span class='ocrx_word' id='word_1_333' title='bbox 531 3885 600 3960; x_wconf 89' lang='lat' dir='ltr'><strong>est,</strong></span> <span class='ocrx_word' id='word_1_334' title='bbox 620 3876 662 3939; x_wconf 88' lang='lat' dir='ltr'><strong>ad</strong></span> <span class='ocrx_word' id='word_1_335' title='bbox 682 3877 961 3958; x_wconf 87' lang='lat' dir='ltr'><strong>comprovinciales</strong></span> <span class='ocrx_word' id='word_1_336' title='bbox 982 3889 1106 3945; x_wconf 89' lang='lat' dir='ltr'><strong>nostros</strong></span> <span class='ocrx_word' id='word_1_337' title='bbox 1127 3881 1243 3948; x_wconf 88' lang='lat' dir='ltr'><strong>domini</strong></span> 
     </span>
    </p>
   </div>
   <div class='ocr_carea' id='block_1_8' title="bbox 92 4017 293 4059">
    <p class='ocr_par' dir='ltr' id='par_1_9' title="bbox 92 4017 293 4059">
     <span class='ocr_line' id='line_1_42' title="bbox 92 4017 293 4059; baseline 0.005 -21"><span class='ocrx_word' id='word_1_338' title='bbox 92 4017 293 4059; x_wconf 43' lang='lat' dir='ltr'><strong>n—-·,····*</strong></span> 
     </span>
    </p>
   </div>
   <div class='ocr_carea' id='block_1_9' title="bbox 128 4088 1242 4310">
    <p class='ocr_par' dir='ltr' id='par_1_10' title="bbox 128 4088 1242 4310">
     <span class='ocr_line' id='line_1_43' title="bbox 129 4088 1242 4168; baseline 0.017 -27"><span class='ocrx_word' id='word_1_339' title='bbox 129 4091 160 4160; x_wconf 74' lang='grc' dir='ltr'><strong>ἱ)</strong></span> <span class='ocrx_word' id='word_1_340' title='bbox 178 4092 243 4144; x_wconf 83' lang='lat' dir='ltr'><strong>oriri</strong></span> <span class='ocrx_word' id='word_1_341' title='bbox 258 4091 287 4144; x_wconf 91' lang='lat' dir='ltr'><strong>in</strong></span> <span class='ocrx_word' id='word_1_342' title='bbox 305 4111 340 4148; x_wconf 91' lang='lat' dir='ltr'><strong>rn.</strong></span> <span class='ocrx_word' id='word_1_343' title='bbox 356 4093 394 4148; x_wconf 87' lang='grc' dir='ltr'><strong>Μ.</strong></span> <span class='ocrx_word' id='word_1_344' title='bbox 410 4123 453 4159; x_wconf 63' lang='grc' dir='ltr'><strong>---Δ</strong></span> <span class='ocrx_word' id='word_1_345' title='bbox 482 4094 511 4163; x_wconf 80' lang='lat'><strong>²)</strong></span> <span class='ocrx_word' id='word_1_346' title='bbox 530 4095 619 4146; x_wconf 78' lang='lat' dir='ltr'><strong>boman</strong></span> <span class='ocrx_word' id='word_1_347' title='bbox 634 4093 682 4159; x_wconf 84' lang='grc' dir='ltr'><strong>Μ,</strong></span> <span class='ocrx_word' id='word_1_348' title='bbox 699 4088 790 4148; x_wconf 81' lang='lat' dir='ltr'><strong>barum</strong></span> <span class='ocrx_word' id='word_1_349' title='bbox 807 4095 898 4152; x_wconf 82' lang='lat' dir='ltr'><strong>vallic.</strong></span> <span class='ocrx_word' id='word_1_350' title='bbox 916 4125 952 4138; x_wconf 89' lang='lat'><strong>-—</strong></span> <span class='ocrx_word' id='word_1_351' title='bbox 987 4095 1016 4165; x_wconf 74' lang='lat'><strong>³)</strong></span> <span class='ocrx_word' id='word_1_352' title='bbox 1033 4099 1061 4151; x_wconf 86' lang='lat' dir='ltr'><strong>la</strong></span> <span class='ocrx_word' id='word_1_353' title='bbox 1078 4103 1188 4168; x_wconf 77' lang='lat' dir='ltr'><strong>posteris</strong></span> <span class='ocrx_word' id='word_1_354' title='bbox 1204 4105 1242 4160; x_wconf 86' lang='grc' dir='ltr'><strong>Μ.</strong></span> 
     </span>
     <span class='ocr_line' id='line_1_44' title="bbox 128 4160 1172 4234; baseline 0.012 -23"><span class='ocrx_word' id='word_1_355' title='bbox 128 4161 159 4228; x_wconf 78' lang='grc'><strong>4)</strong></span> <span class='ocrx_word' id='word_1_356' title='bbox 177 4160 264 4212; x_wconf 65' lang='lat' dir='ltr'><strong>rodae</strong></span> <span class='ocrx_word' id='word_1_357' title='bbox 279 4179 402 4216; x_wconf 78' lang='lat' dir='ltr'><strong>ueueuora</strong></span> <span class='ocrx_word' id='word_1_358' title='bbox 419 4167 518 4217; x_wconf 82' lang='lat' dir='ltr'><strong>saeuire</strong></span> <span class='ocrx_word' id='word_1_359' title='bbox 534 4181 584 4216; x_wconf 84' lang='lat' dir='ltr'><strong>neu</strong></span> <span class='ocrx_word' id='word_1_360' title='bbox 600 4167 683 4232; x_wconf 83' lang='lat' dir='ltr'><strong>possit</strong></span> <span class='ocrx_word' id='word_1_361' title='bbox 700 4164 792 4218; x_wconf 87' lang='lat' dir='ltr'><strong>Vallic.</strong></span> <span class='ocrx_word' id='word_1_362' title='bbox 827 4161 864 4206; x_wconf 59' lang='grc' dir='ltr'><strong>ἒ·-</strong></span> <span class='ocrx_word' id='word_1_363' title='bbox 905 4166 933 4234; x_wconf 87' lang='lat'><strong>⁵)</strong></span> <span class='ocrx_word' id='word_1_364' title='bbox 952 4170 1048 4232; x_wconf 75' lang='lat' dir='ltr'><strong>apellas</strong></span> <span class='ocrx_word' id='word_1_365' title='bbox 1064 4171 1101 4224; x_wconf 87' lang='lat' dir='ltr'><strong>M.</strong></span> <span class='ocrx_word' id='word_1_366' title='bbox 1136 4201 1172 4212; x_wconf 91' lang='lat'><em>-</em></span> 
     </span>
     <span class='ocr_line' id='line_1_45' title="bbox 129 4230 1242 4310; baseline 0.017 -32"><span class='ocrx_word' id='word_1_367' title='bbox 129 4231 161 4300; x_wconf 77' lang='lat'><strong>⁶)</strong></span> <span class='ocrx_word' id='word_1_368' title='bbox 177 4230 217 4280; x_wconf 85' lang='lat' dir='ltr'><strong>uel</strong></span> <span class='ocrx_word' id='word_1_369' title='bbox 233 4231 289 4282; x_wconf 85' lang='lat' dir='ltr'><strong>aliu</strong></span> <span class='ocrx_word' id='word_1_370' title='bbox 305 4234 424 4298; x_wconf 76' lang='lat' dir='ltr'><strong>aedificio</strong></span> <span class='ocrx_word' id='word_1_371' title='bbox 439 4233 546 4294; x_wconf 81' lang='lat' dir='ltr'><strong>addin</strong></span> <span class='ocrx_word' id='word_1_372' title='bbox 564 4235 655 4286; x_wconf 46' lang='lat' dir='ltr'><strong>mebi.</strong></span> <span class='ocrx_word' id='word_1_373' title='bbox 680 4261 718 4274; x_wconf 85' lang='lat'><em>-</em></span> <span class='ocrx_word' id='word_1_374' title='bbox 751 4235 780 4302; x_wconf 74' lang='lat'><strong>⁷)</strong></span> <span class='ocrx_word' id='word_1_375' title='bbox 798 4237 939 4290; x_wconf 81' lang='lat' dir='ltr'><strong>discursum</strong></span> <span class='ocrx_word' id='word_1_376' title='bbox 955 4237 993 4287; x_wconf 87' lang='grc' dir='ltr'><strong>Μ.</strong></span> <span class='ocrx_word' id='word_1_377' title='bbox 1019 4265 1055 4278; x_wconf 82' lang='grc'><strong>-·</strong></span> <span class='ocrx_word' id='word_1_378' title='bbox 1090 4241 1119 4310; x_wconf 80' lang='lat'><strong>⁸)</strong></span> <span class='ocrx_word' id='word_1_379' title='bbox 1137 4241 1242 4297; x_wconf 74' lang='lat' dir='ltr'><strong>Can-b.</strong></span> 
     </span>
    </p>
   </div>
   <div class='ocr_carea' id='block_1_10' title="bbox 162 4297 1388 4378">
    <p class='ocr_par' dir='ltr' id='par_1_11' title="bbox 162 4297 1388 4378">
     <span class='ocr_line' id='line_1_46' title="bbox 162 4297 1388 4378; baseline 0.015 -29"><span class='ocrx_word' id='word_1_380' title='bbox 162 4297 257 4366; x_wconf 89' lang='lat' dir='ltr'><strong>incipit</strong></span> <span class='ocrx_word' id='word_1_381' title='bbox 273 4299 302 4353; x_wconf 90' lang='lat' dir='ltr'><strong>in</strong></span> <span class='ocrx_word' id='word_1_382' title='bbox 319 4319 366 4356; x_wconf 86' lang='lat' dir='ltr'><strong>ms.</strong></span> <span class='ocrx_word' id='word_1_383' title='bbox 384 4305 481 4360; x_wconf 84' lang='lat' dir='ltr'><strong>Vallia.</strong></span> <span class='ocrx_word' id='word_1_384' title='bbox 497 4321 530 4357; x_wconf 87' lang='lat' dir='ltr'><strong>a:</strong></span> <span class='ocrx_word' id='word_1_385' title='bbox 554 4305 690 4364; x_wconf 77' lang='lat' dir='ltr'><strong>Sancimuo</strong></span> <span class='ocrx_word' id='word_1_386' title='bbox 704 4319 736 4356; x_wconf 84' lang='lat' dir='ltr'><strong>ue</strong></span> <span class='ocrx_word' id='word_1_387' title='bbox 753 4313 799 4357; x_wconf 84' lang='lat' dir='ltr'><strong>eto.</strong></span> <span class='ocrx_word' id='word_1_388' title='bbox 833 4337 870 4348; x_wconf 85' lang='lat'><em>-</em></span> <span class='ocrx_word' id='word_1_389' title='bbox 912 4307 1054 4373; x_wconf 60' lang='lat' dir='ltr'><strong>{illiricum</strong></span> <span class='ocrx_word' id='word_1_390' title='bbox 1069 4325 1145 4377; x_wconf 82' lang='lat' dir='ltr'><strong>quom</strong></span> <span class='ocrx_word' id='word_1_391' title='bbox 1163 4329 1180 4363; x_wconf 88' lang='lat' dir='ltr'><strong>o</strong></span> <span class='ocrx_word' id='word_1_392' title='bbox 1196 4327 1272 4378; x_wconf 57' lang='grc' dir='ltr'><strong>ρον</strong></span> <span class='ocrx_word' id='word_1_393' title='bbox 1386 4321 1388 4336; x_wconf 86' lang='grc'><strong>“</strong></span> 
     </span>
    </p>
   </div>
   <div class='ocr_carea' id='block_1_11' title="bbox 99 4369 1304 4656">
    <p class='ocr_par' dir='ltr' id='par_1_12' title="bbox 99 4369 1304 4656">
     <span class='ocr_line' id='line_1_47' title="bbox 161 4369 1243 4444; baseline 0.013 -24"><span class='ocrx_word' id='word_1_394' title='bbox 161 4369 231 4420; x_wconf 76' lang='lat' dir='ltr'><strong>neris</strong></span> <span class='ocrx_word' id='word_1_395' title='bbox 242 4369 332 4424; x_wconf 84' lang='lat' dir='ltr'><strong>Vallia.</strong></span> <span class='ocrx_word' id='word_1_396' title='bbox 348 4401 386 4414; x_wconf 86' lang='lat'><em>-</em></span> <span class='ocrx_word' id='word_1_397' title='bbox 412 4374 462 4442; x_wconf 86' lang='lat'>1⁰.)</span> <span class='ocrx_word' id='word_1_398' title='bbox 479 4390 524 4426; x_wconf 84' lang='lat' dir='ltr'><strong>uec</strong></span> <span class='ocrx_word' id='word_1_399' title='bbox 541 4373 633 4428; x_wconf 84' lang='lat' dir='ltr'><strong>Vallia.</strong></span> <span class='ocrx_word' id='word_1_400' title='bbox 644 4403 680 4414; x_wconf 90' lang='lat'>—</span> <span class='ocrx_word' id='word_1_401' title='bbox 691 4373 776 4426; x_wconf 82' lang='lat' dir='ltr'><strong>Lavit</strong></span> <span class='ocrx_word' id='word_1_402' title='bbox 789 4375 833 4437; x_wconf 76' lang='lat'><strong>18,</strong></span> <span class='ocrx_word' id='word_1_403' title='bbox 840 4377 865 4430; x_wconf 89' lang='grc'><strong>6.</strong></span> <span class='ocrx_word' id='word_1_404' title='bbox 883 4403 918 4416; x_wconf 81' lang='lat'>-</span> <span class='ocrx_word' id='word_1_405' title='bbox 946 4375 997 4444; x_wconf 85' lang='lat'><strong>11)</strong></span> <span class='ocrx_word' id='word_1_406' title='bbox 1013 4377 1042 4440; x_wconf 73' lang='lat' dir='ltr'><strong>fit</strong></span> <span class='ocrx_word' id='word_1_407' title='bbox 1058 4383 1197 4432; x_wconf 73' lang='lat' dir='ltr'><strong>scrutamine</strong></span> <span class='ocrx_word' id='word_1_408' title='bbox 1206 4384 1243 4434; x_wconf 89' lang='grc' dir='ltr'><strong>Μ.</strong></span> 
     </span>
     <span class='ocr_line' id='line_1_48' title="bbox 126 4437 1243 4514; baseline 0.014 -27"><span class='ocrx_word' id='word_1_409' title='bbox 126 4437 278 4504; x_wconf 63' lang='lat' dir='ltr'><strong>rapacum</strong></span> <span class='ocrx_word' id='word_1_410' title='bbox 295 4442 525 4498; x_wconf 84' lang='lat' dir='ltr'><strong>deestinVallic.</strong></span> <span class='ocrx_word' id='word_1_411' title='bbox 550 4469 587 4482; x_wconf 90' lang='lat'><strong>·-·</strong></span> <span class='ocrx_word' id='word_1_412' title='bbox 618 4443 668 4511; x_wconf 75' lang='lat'><strong>1³)</strong></span> <span class='ocrx_word' id='word_1_413' title='bbox 685 4443 799 4511; x_wconf 73' lang='lat' dir='ltr'><strong>ombipat</strong></span> <span class='ocrx_word' id='word_1_414' title='bbox 814 4443 852 4497; x_wconf 83' lang='lat' dir='ltr'><strong>M.</strong></span> <span class='ocrx_word' id='word_1_415' title='bbox 878 4473 913 4496; x_wconf 84' lang='lat'><strong>-.-</strong></span> <span class='ocrx_word' id='word_1_416' title='bbox 944 4445 1243 4514; x_wconf 75' lang='lat' dir='ltr'><strong>¹⁴)etom.aM.-</strong></span> 
     </span>
     <span class='ocr_line' id='line_1_49' title="bbox 99 4508 1244 4580; baseline 0.012 -22"><span class='ocrx_word' id='word_1_417' title='bbox 99 4508 177 4573; x_wconf 67' lang='lat'><strong>,¹⁶)</strong></span> <span class='ocrx_word' id='word_1_418' title='bbox 194 4509 366 4574; x_wconf 69' lang='lat' dir='ltr'><strong>quantiam.</strong></span> <span class='ocrx_word' id='word_1_419' title='bbox 383 4513 421 4566; x_wconf 87' lang='grc' dir='ltr'><strong>Μ.</strong></span> <span class='ocrx_word' id='word_1_420' title='bbox 456 4543 492 4556; x_wconf 91' lang='grc'><strong>--</strong></span> <span class='ocrx_word' id='word_1_421' title='bbox 530 4510 807 4580; x_wconf 72' lang='lat' dir='ltr'><strong>¹⁶)tamom.alll.</strong></span> <span class='ocrx_word' id='word_1_422' title='bbox 842 4541 878 4553; x_wconf 85' lang='lat'><strong>--</strong></span> <span class='ocrx_word' id='word_1_423' title='bbox 917 4511 966 4578; x_wconf 73' lang='grc' dir='ltr'><strong>Η)</strong></span> <span class='ocrx_word' id='word_1_424' title='bbox 989 4518 1135 4571; x_wconf 82' lang='lat' dir='ltr'><strong>solemniter·</strong></span> <span class='ocrx_word' id='word_1_425' title='bbox 1152 4519 1244 4572; x_wconf 81' lang='lat' dir='ltr'><strong>Vallia.</strong></span> 
     </span>
     <span class='ocr_line' id='line_1_50' title="bbox 126 4578 1304 4656; baseline 0.014 -30"><span class='ocrx_word' id='word_1_426' title='bbox 126 4579 175 4645; x_wconf 70' lang='grc' dir='ltr'><strong>Ν)</strong></span> <span class='ocrx_word' id='word_1_427' title='bbox 194 4578 330 4656; x_wconf 79' lang='lat' dir='ltr'><strong>aliqnando</strong></span> <span class='ocrx_word' id='word_1_428' title='bbox 347 4583 396 4637; x_wconf 81' lang='grc' dir='ltr'><strong>Μ.“</strong></span> <span class='ocrx_word' id='word_1_429' title='bbox 412 4611 446 4622; x_wconf 90' lang='grc'><strong>-</strong></span> <span class='ocrx_word' id='word_1_430' title='bbox 481 4580 529 4648; x_wconf 75' lang='lat'><strong>1⁰)</strong></span> <span class='ocrx_word' id='word_1_431' title='bbox 548 4581 633 4647; x_wconf 79' lang='lat' dir='ltr'><strong>itaqua</strong></span> <span class='ocrx_word' id='word_1_432' title='bbox 648 4581 785 4636; x_wconf 73' lang='lat' dir='ltr'><strong>sinistimus</strong></span> <span class='ocrx_word' id='word_1_433' title='bbox 802 4590 829 4635; x_wconf 83' lang='lat' dir='ltr'><strong>ul</strong></span> <span class='ocrx_word' id='word_1_434' title='bbox 849 4583 876 4640; x_wconf 86' lang='lat' dir='ltr'><strong>in</strong></span> <span class='ocrx_word' id='word_1_435' title='bbox 894 4599 928 4635; x_wconf 84' lang='lat' dir='ltr'><strong>nr.</strong></span> <span class='ocrx_word' id='word_1_436' title='bbox 941 4581 986 4650; x_wconf 75' lang='lat' dir='ltr'><strong>M,</strong></span> <span class='ocrx_word' id='word_1_437' title='bbox 1003 4587 1090 4653; x_wconf 70' lang='lat' dir='ltr'><strong>traam</strong></span> <span class='ocrx_word' id='word_1_438' title='bbox 1105 4596 1134 4641; x_wconf 84' lang='lat' dir='ltr'><strong>tn</strong></span> <span class='ocrx_word' id='word_1_439' title='bbox 1152 4589 1243 4644; x_wconf 76' lang='lat' dir='ltr'><strong>Vallia.</strong></span> <span class='ocrx_word' id='word_1_440' title='bbox 1301 4601 1304 4604; x_wconf 83' lang='lat'>&#39;</span> 
     </span>
    </p>
   </div>
   <div class='ocr_carea' id='block_1_12' title="bbox 177 4671 1003 4750">
    <p class='ocr_par' dir='ltr' id='par_1_13' title="bbox 177 4671 1003 4750">
     <span class='ocr_line' id='line_1_51' title="bbox 177 4671 1003 4750; baseline 0.013 -32"><span class='ocrx_word' id='word_1_441' title='bbox 177 4672 244 4723; x_wconf 74' lang='lat' dir='ltr'><strong>nial.</strong></span> <span class='ocrx_word' id='word_1_442' title='bbox 260 4673 317 4725; x_wconf 79' lang='lat' dir='ltr'><strong>ecel.</strong></span> <span class='ocrx_word' id='word_1_443' title='bbox 331 4677 352 4724; x_wconf 83' lang='grc' dir='ltr'><strong>Ι.</strong></span> <span class='ocrx_word' id='word_1_444' title='bbox 868 4746 870 4750; x_wconf 90' lang='lat'>.</span> <span class='ocrx_word' id='word_1_445' title='bbox 963 4671 1003 4729; x_wconf 74' lang='grc'><strong>14</strong></span> 
     </span>
    </p>
   </div>
   <div class='ocr_carea' id='block_1_13' title="bbox 0 0 1472 5060">
    <p class='ocr_par' dir='ltr' id='par_1_14' title="bbox 0 0 1472 5060">
     <span class='ocr_line' id='line_1_52' title="bbox 0 0 1472 5060; baseline 0 0"><span class='ocrx_word' id='word_1_446' title='bbox 0 0 1472 5060; x_wconf 95' lang='lat' dir='ltr'><strong> </strong></span> 
     </span>
    </p>
   </div>
  </div>
 </body>
</html>
