2912 5060
173 279 257 351 ³2⁴8
472 277 714 364 CONCllrlUM
738 273 1009 347 notarentur!
1029 276 1070 342 V.

194 453 416 521 ecclesiastiea
434 455 600 536 plectatur,
622 471 694 516 uam
715 452 745 516 si
765 437 917 518 maledici
935 469 1068 536 regrum
1088 447 1143 514 der·
1162 465 1228 510 aon
1241 451 1367 532 possa·-

198 539 380 620 detenta),
408 541 653 622 quantomagis
679 540 752 601 talis
778 540 818 600 ab
845 538 984 602 ecclesia
1009 533 1188 601 necessario
1216 535 1365 617 pellitur,

195 629 249 711 qui
270 627 395 706 divinae
415 627 547 688 violator
568 626 744 689 sententiae
744 617 949 772 pifveniffl

281 795 382 861 Simili
401 793 598 878 providentia
617 813 672 876 pro
693 791 837 884 fidelibus
857 811 967 878 regum
977 790 1012 883 ²)
1032 799 1139 870 nostra
1160 787 1251 854 datur
1273 809 1364 854 sen·
1397 823 1400 830 ,

196 882 315 965 tentia,
340 891 377 944 ut
403 882 545 964 quisquis
565 887 729 961 superstes
748 881 920 962 principum
941 879 1079 940 extiterit
1096 876 1183 958 juste
1203 878 1235 939 in
1256 879 1362 940 rebus

194 967 370 1052 profligatis
396 966 495 1046 aut³)
522 967 668 1049 largitate
681 966 716 1044 ⁴)
743 965 892 1046 principis
914 965 1077 1046 acquisitis
1098 963 1212 1025 nidlam
1234 961 1358 1026 debeat

217 1052 315 1116 abere
334 1052 505 1135 jacturam3
525 1071 597 1114 nam
618 1052 647 1113 si
666 1052 796 1114 licenter
817 1059 850 1112 et
869 1049 984 1131 injuste
1000 1049 1136 1111 fldelium
1156 1049 1360 1129 perturbetur

195 1140 340 1202 meritum
351 1136 400 1220 ⁶),
427 1157 519 1200 nemo
548 1137 667 1219 optabit
687 1136 906 1220 promptuml)
929 1153 972 1198 ac
998 1134 1093 1197 fidele
1118 1134 1268 1214 praebere
1292 1136 1359 1196 ob-

197 1215 356 1306 sequium,
385 1223 458 1285 dum
479 1233 594 1289 cuncta
613 1229 724 1285 nutant
744 1223 776 1284 in
796 1223 946 1284 incertum
969 1228 1002 1282 et
1021 1221 1053 1282 in
1074 1220 1175 1282 futuro
1197 1219 1359 1281 discrimi-

173 1308 294 1390 ,nis‘¹)
322 1309 501 1372 formidatur
521 1325 637 1390 causa3
664 1305 723 1372 sed
749 1309 842 1370 saluti
869 1315 903 1370 et
928 1307 1021 1370 rebus
1048 1323 1153 1367 eorum
1172 1306 1358 1386 principalis
1418 1367 1423 1371 .

197 1393 301 1477 pietas
323 1394 437 1458 debeat
447 1393 481 1472 Β)
508 1395 658 1474 praebere
680 1393 852 1476 suffragia3
880 1392 1032 1473 exemplis
1055 1391 1136 1452 enim
1158 1393 1256 1452 ceteri
1275 1411 1356 1474 pro-

198 1485 353 1543 vocantur
373 1479 415 1544 ad
434 1479 544 1563 iidem,
565 1495 636 1544 cum
656 1478 772 1628 5⁶⁰¹ss
786 1497 851 1540 non
871 1478 1050 1544 fraudantur
1068 1475 1223 1540 mercede.
1243 1564 1244 1574 ἵ

282 1648 415 1732 Propter
438 1648 587 1712 malarum
607 1649 759 1712 mentium
775 1647 956 1724 facilitatem
978 1655 1011 1711 et
1031 1645 1197 1709 memoriae
1218 1645 1356 1708 oblivio-

198 1749 272 1796 nem
304 1735 367 1799 hoc
399 1735 615 1802 sacratissima
644 1737 754 1798 statuit
783 1733 942 1817 synodus,
983 1741 1019 1795 ut
1047 1734 1079 1795 in
1107 1733 1190 1794 omni
1218 1733 1354 1796 concilio

198 1819 416 1903 episcoporum
449 1821 622 1901 Hispaniae
659 1821 847 1883 universalis
881 1819 1005 1884 concilii
1044 1818 1226 1899 decretum,
1265 1817 1353 1898 quod

196 1913 323 1986 propter
346 1907 517 1988 principum
545 1915 718 1984 nostrorum
740 1913 791 1968 est
812 1905 945 1967 salutem
966 1905 1186 1984 constitutum,
1213 1904 1352 1984 peractis

197 1991 341 2053 omnibus
369 1993 400 2052 iu
426 1990 548 2074 syuodo
578 1992 702 2072 publica
722 2009 805 2052 voce
827 1989 942 2052 debeat
962 1990 1166 2072 pronuntiari,
1193 1995 1350 2070 quatenus

95 2105 98 2110 ·
196 2085 310 2155 saepo·
323 2075 517 2155 replicato⁹)
544 2077 669 2139 auribus
690 2077 744 2139 vel
764 2075 948 2138 assiduitate
969 2075 1142 2158 iniquorum
1166 2091 1256 2136 mens
1282 2083 1351 2135 ter·

194 2159 258 2221 rita
286 2161 471 2241 corrigatur,
499 2177 582 2240 quae
603 2161 643 2223 ad
663 2158 940 2245 praevaricandum
962 2169 995 2223 et
1016 2153 1174 2223 oblivione‘
1195 2167 1228 2222 et
1244 2157 1349 2224 facili-

197 2251 265 2306 tate
285 2243 540 2326 perducitur10).
1091 2247 1094 2254 '

162 2481 167 2490 ,
281 2414 319 2476 Iu
339 2413 390 2476 his
410 2413 562 2497 omnibus,
581 2431 662 2496 quae
682 2417 907 2497 praemisimus,
927 2423 1118 2498 potestatem
1139 2413 1349 2500 indulgentiae

197 2497 232 2560 in
249 2499 354 2582 'culpis
374 2499 616 2584 delinquentium
637 2501 768 2582 principi
788 2521 1004 2583 reservamus,
1030 2509 1067 2564 ut
1090 2499 1183 2582 juxta
1202 2502 1349 2564 bonitatis

164 2623 168 2636 ·
195 2590 237 2650 et·
262 2586 391 2666 pietatis
418 2605 497 2650 suae
523 2585 721 2668 moderamen
743 2595 776 2650 et
792 2587 848 2667 ¹¹)
881 2587 1129 2652 emendationem
1157 2587 1349 2672 perspexerit

198 2671 347 2736 mentium
353 2716 366 2756 ,s
385 2671 509 2736 veniam
530 2672 644 2756 tribuat
665 2673 832 2754 culparum.

285 2839 346 2908 His
371 2859 448 2904 vero
477 2842 618 2905 omnibus
646 2839 740 2906 finem
761 2851 794 2906 et
814 2839 904 2904 robur
924 2839 1153 2922 subscriptione
1173 2848 1280 2904 nostra
1299 2840 1347 2904 fa-

200 2925 333 3008 cientes,
355 2928 484 3009 gloriam
497 2934 539 3002 xet
558 2924 683 2990 laudem
705 2927 906 3010 omnipotenti
921 2925 992 3012 deo,
1013 2927 1045 2988 in
1066 2934 1213 3008 quantum
1233 2934 1348 2990 morta-

199 3011 275 3074 lium
296 3012 444 3074 valctudo
466 3011 555 3092 sinit,
582 3011 758 3097 reddimus3
785 3019 859 3094 post
879 3012 960 3073 haec
973 3011 1027 3089 ¹²)
1048 3015 1167 3094 gratias
1188 3013 1347 3074 excellen-

199 3097 322 3178 tissimo
350 3105 384 3159 et
410 3097 548 3182 glorioso
576 3097 706 3180 principi
732 3106 839 3159 nostro
861 3092 1038 3160 chintilano
1052 3095 1106 3178 1³]
1133 3099 1202 3180 regi
1222 3099 1368 3181 peragi--

199 3198 289 3264 mue,
318 3179 408 3262 cujus
435 3181 525 3246 ardor
550 3180 624 3244 fidei
652 3193 684 3246 et
705 3182 841 3246 studium
861 3182 963 3246 bonae
983 3181 1163 3246 intentionis
1184 3191 1217 3244 et
1238 3185 1348 3246 unani-

200 3269 319 3330 mitatis
340 3267 536 3331 concordiam
556 3267 646 3330 nobis
668 3271 772 3332 tribuit
793 3277 825 3331 et
845 3265 990 3334 fiduciam
1012 3269 1159 3331 caritatis
1194 3266 1299 3331 Donet
1317 3269 1346 3330 ei

201 3351 345 3416 dominus
373 3360 406 3414 et
434 3351 475 3416 de
501 3354 633 3416 inimicis
654 3355 838 3437 triumphum
859 3361 893 3416 et
914 3352 953 3416 de
974 3353 1166 3415 beatitudine
1186 3353 1347 3437 gaudium:

201 3436 360 3501 custodiat
387 3456 457 3498 eum
481 3441 676 3518 protectione
702 3437 831 3503 assidua
857 3445 891 3500 et
917 3439 1035 3501 muniat
1060 3439 1161 3502 bonae
1181 3439 1348 3502 voluntatis

201 3536 280 3583 suae
307 3521 618 3602 circuminspectione
631 3523 684 3603 ¹⁴)
706 3526 878 3606 tutissima,
899 3521 990 3604 eujus
1010 3541 1140 3606 regnum
1160 3523 1347 3604 maneat¹⁵J

201 3607 233 3668 in
255 3605 385 3671 saecula
404 3606 608 3672 saeculorum.
649 3609 760 3672 Amen.
1090 3629 1093 3634 ·

264 3779 266 3784 ,
308 3743 350 3805 ln
377 3745 527 3806 nomi-ne
548 3742 693 3807 domini
713 3741 879 3806 Flavius
901 3739 1079 3810 Cirintila
1104 3745 1259 3826 rexm).x

202 3843 203 3848 ἵ
279 3860 360 3926 Cum
386 3861 460 3932 boni
483 3861 631 3944 principis
658 3877 732 3926 cura
759 3862 842 3925 omni
868 3862 983 3924 nitatur
1003 3861 1168 3944 vigilantia
1188 3834 1345 3945 providere

127 4029 131 4038 ¹
200 3946 322 4029 patriae
357 3947 524 4028 gentisque
558 3964 637 4010 suae
668 3947 925 4030 commoda12),
957 3956 1033 4009 tunc
1065 3949 1259 4028 potissimum
1287 3967 1346 4012 non

201 4085 403 4108 „mn—n

241 4164 269 4232 ²)
288 4161 378 4216 lcor.
395 4165 428 4229 θ,
445 4165 471 4218 9.
490 4165 532 4220 10.
566 4193 601 4210 -υ
641 4166 671 4232 ²)
689 4181 723 4220 em
740 4170 1056 4234 cornualiorolipiosissimi
1073 4170 1198 4236 prirnipis
1214 4165 1259 4219 AE.
1293 4193 1324 4209 —

240 4237 254 4276 ⁸
289 4232 369 4284 etM.
405 4263 439 4274 -
484 4233 514 4302 ⁴)
533 4242 557 4287 et
569 4238 649 4304 jerento
665 4237 811 4302 lorpitotcm
827 4239 873 4291 ΛΞ.
890 4241 946 4292 BR.
958 4240 990 4291 E.
1004 4239 1031 4290 4.
1050 4241 1084 4292 T.
1102 4243 1125 4293 1.
1143 4242 1169 4291 2.
1203 4267 1239 4279 ,-

233 4305 255 4342 -δ
289 4302 468 4368 pertractentur
483 4313 578 4358 merres
594 4307 633 4358 M.
673 4333 709 4347 -
760 4309 790 4372 θ)
806 4313 941 4376 propriant
958 4308 986 4362 in
1003 4325 1038 4362 m.
1053 4309 1090 4360 M.
1132 4336 1168 4350 --
1214 4307 1244 4376 l)
1261 4305 1346 4358 discri-

164 4430 166 4434 Ι
253 4373 341 4454 μένω
356 4371 384 4424 in
402 4389 436 4426 rn.
454 4376 490 4428 M.
526 4400 561 4418 ··
604 4376 634 4443 θ)
652 4375 724 4427 dolet
740 4375 790 4428 M..
811 4405 848 4420 ·-
892 4378 921 4446 θ)
938 4381 1107 4445 supplicanter
1122 4373 1151 4432 in
1169 4383 1257 4438 textu,
1274 4378 1346 4444 repli-

201 4476 207 4488 ,
275 4448 361 4492 rotant
376 4442 404 4495 in
418 4459 453 4497 m.
465 4447 501 4499 M.
543 4475 578 4488 -
627 4446 677 4512 ¹⁰)
694 4445 843 4512 prodicitur
858 4448 886 4502 in
903 4465 938 4502 nr·
955 4447 992 4502 Μ.
1033 4476 1068 4488 --
1119 4449 1167 4514 Η)
1184 4447 1230 4498 abi
1247 4447 1283 4498 M.
1313 4476 1345 4486 ·-

239 4510 289 4574 ¹²)
307 4513 482 4578 porticelli.
517 4545 552 4558 ·-
596 4515 646 4582 1³)
665 4514 791 4566 Gintlrilnc
806 4517 844 4571 M.
879 4505 913 4559 .'.
952 4517 1002 4584 14)
1019 4519 1239 4582 circumspectione
1256 4517 1291 4567 Μ.
1314 4543 1343 4554 -

240 4577 290 4647 ¹⁵)
306 4587 390 4634 menet
406 4584 444 4636 M.
462 4614 497 4626 -
530 4585 579 4652 Ν)
598 4585 671 4636 Haec
684 4584 793 4655 concilii
810 4604 857 4658 per
875 4587 1016 4640 chintilam
1034 4587 1197 4639 confirmatio
1216 4587 1346 4652 desumpta

276 4656 317 4704 ert
335 4669 368 4706 ex
386 4652 440 4720 ὣ,
458 4669 516 4708 cunr
534 4654 602 4708 derit
619 4655 646 4706 in
664 4652 782 4722 reliquie.
801 4656 925 4711 ,Ointirilc
937 4657 972 4706 M.
1007 4683 1041 4695 -
1076 4657 1124 4722 1⁷)
1143 4656 1270 4707 cornmorlo
1287 4655 1320 4706 M.
