2880 5050
349 269 590 336 concursu
615 265 885 344 'rocamador
906 273 975 335 xrr.
1175 267 1239 352 aar

73 445 259 524 innotesci,
280 451 335 506 aut
357 441 398 504 de
419 459 607 506 successore
629 441 789 504 morientis
811 443 953 523 episcopi
973 443 1069 506 libera
1090 441 1237 521 principis

6 533 12 574 ⁶
77 530 207 592 electio
233 528 437 608 praestolari,
463 527 604 590 nescim
624 545 724 608 saepe
736 526 825 607 ¹)-e't
840 527 954 590 'nostro
974 527 1071 590 ordini
1092 525 1133 588 de
1153 527 1237 588 rela-

6 623 9 662 t
81 617 175 678 tione
203 615 313 676 talium
343 612 512 674 difficultas
539 621 574 674 et
599 614 710 694 regiae
743 613 914 694 potestati,
952 612 1024 674 dum
1059 613 1237 674 consultum

9 709 12 723 '
79 709 230 764 nommrn
250 719 306 780 pro
325 698 533 781 subrogandis
552 697 752 778 pontificibus
768 699 916 780 sustinet,
930 695 1077 778 injuriosa
1091 698 1239 760 necessi·-

82 796 150 849 tas.
191 785 282 848 Unde
310 784 429 866 placuit
457 784 601 846 omnibus
625 783 824 866 pontificibus
844 785 1017 865 Hispanico
1038 791 1134 871 atque
1155 781 1238 846 Gal-

6 883 10 921 l
78 873 147 933 liae
164 869 220 951 ²),
254 879 292 932 ut
325 871 416 932 salvo
449 870 613 952 privilagio
638 868 883 950 uniuscujusque
911 869 1091 950 prouinciae
1118 868 1239 932 licitum

6 969 8 1006 l
77 965 214 1019 maneat
227 955 380 1036 deinceps
392 956 545 1017 Toletano
562 954 713 1036 pontifici,
729 973 944 1036 quoscumque
959 955 1076 1036 regalis
1091 961 1242 1034 potestas*

83 1041 224 1124 elegerit
246 1047 279 1102 et
296 1039 364 1120 jam
384 1040 461 1103 dicti
482 1040 627 1101 Toletani
647 1041 790 1120 episcopi
805 1038 1001 1120 judicium)
1020 1038 1140 1124 dignos
1162 1057 1237 1102 esse

83 1127 325 1210 probauerit-in
340 1127 529 1207 quibuslibet
548 1126 718 1205 provinciis
739 1127 771 1186 io
791 1125 1044 1206 praecedentium
1064 1123 1238 1202 sedibus‘)

83 1212 264 1296 praeficere
283 1212 456 1292 praesume,
480 1219 515 1272 et
535 1209 764 1274 decedentibus
783 1213 944 1292 episcopis
965 1209 1082 1294 eligere
1102 1225 1238 1298 succes-

84 1317 200 1379 sores3
224 1298 417 1377 ita-tamen,
445 1303 481 1358 ut
507 1297 649 1377 quisquis
673 1297 726 1358 ille
746 1297 841 1358 brerit
859 1296 1034 1378 ordinatus,
1060 1303 1134 1376 post
1153 1295 1239 1359 ordi-

84 1383 224 1447 nationis
245 1395 325 1444 snae
345 1390 471 1462 tempus
491 1381 572 1444 infra
591 1382 682 1443 trium
702 1383 857 1444 mensium
878 1377 1148 1462 spatium'proprii
1167 1400 1239 1442 me-

83 1469 268 1550 tropolitani
294 1469 507 1549 praesentiam
527 1467 654 1528 visurus
674 1467 827 1550 accedat,
855 1467 988 1549 qualiter
1009 1465 1078 1546 ejus
1099 1467 1239 1531 auctori-

85 1565 158 1620 tate
179 1554 232 1614 vel
250 1554 416 1634 disciplina
435 1554 623 1614 instructus·
638 1551 793 1636 condigne
820 1561 992 1634 susceptae
1011 1551 1098 1614 sedis
1120 1548 1239 1632 guber-

87 1641 205 1704 nacula
233 1647 353 1700 teneat.
400 1637 492 1715 Quod
513 1639 618 1718 siper
639 1637 790 1700 desidiam
812 1647 867 1700 aut
887 1639 1036 1722 neglectu
1056 1635 1242 1719 quolibetl)

89 1725 258 1790 constituti
283 1725 432 1802 temporis
459 1732 562 1784 metas
589 1725 780 1805 excesserit,
811 1726 923 1805 quibus
940 1723 1171 1804 metropolitani
1190 1723 1240 1788 sui

86 1817 232 1892 nequeat
252 1810 414 1874 obtutibus
433 1810 645 1890 praesentari,
679 1811 981 1872 excommunicatum
1002 1827 1039 1872 se
1060 1808 1241 1890 peremnia

86 1897 240 1976 noverit,
274 1903 410 1976 excepto
445 1895 473 1956 si
505 1895 595 1976 regia
623 1893 767 1974 jussione
791 1895 973 1975 impeditum
998 1914 1037 1957 ae
1063 1909 1139 1956 esse
1166 1911 1241 1977 pro-

86 1982 222 2047 baverit
284 1982 378 2044 Hanc
417 1997 543 2062 quoque
578 1979 768 2042 definitionis
795 1980 957 2042 formulam
985 1981 1070 2043 sicut
1099 1979 1140 2042 de
1169 1979 1240 2060 epi·
1335 2045 1338 2054 p

87 2067 198 2148 scopis
210 2109 221 2147 ,
251 2067 297 2135 ita
325 2075 359 2131 et
387 2065 427 2130 de
458 2067 577 2130 ceteris
607 2067 812 2132 ecclesiarum
837 2067 1011 2131 rectoribus
1036 2065 1155 2148 placuit
1181 2065 1242 2128 ob.-

85 2152 285 2220 servandonr.
636 2235 697 2298 VH
893 2193 895 2200 ,

141 2361 143 2368 -
177 2320 288 2383 Omnis
315 2318 481 2398 disoipbna
507 2320 558 2382 sie
577 2319 749 2400 subjectos
778 2320 875 2383 debet
900 2325 1054 2405 arguere,
1086 2331 1123 2385 ut
1153 2340 1243 2403 spem

93 2407 208 2470 veniae
229 2425 291 2466 non
310 2403 457 2466 videatur
475 2405 613 2486 anferre,
640 2425 701 2469 neo
722 2403 862 2468 lirnditus
883 2408 1080 2482 camationis,
1096 2407 1244 2470 inducere

90 2492 218 2574 jugum,
238 2489 298 2553 sed
318 2490 546 2568 temperantiae
567 2509 693 2572 semper
712 2491 861 2554 adbibere
881 2495 1068 2560 consultum.
1108 2493 1151 2554 Et
1171 2492 1245 2553 ideo

94 2579 170 2660 qnia
193 2579 300 2658 legem
327 2577 412 2637 illam
432 2596 459 2638 a
480 2573 602 2638 domino
623 2577 806 2640 Wambane
823 2577 971 2658 'principe
997 2579 1133 2657 editam,
1161 2597 1245 2658 quae

94 2667 136 2728 de
157 2662 379 2744 progressione
390 2661 424 2739 ⁶2)
446 2669 498 2724 est
516 2662 678 2730 'exercitus
698 2671 858 2744 annotata,
875 2662 969 2744 hujus
984 2665 1131 2745 principis
1146 2663 1245 2724 nostri

95 2759 131 2812 et
163 2749 278 2810 domiai
308 2747 430 2828 Ervigii
463 2747 671 2809 mansuetudo
704 2757 878 2830 temperare
908 2749 1082 2830 disposuit,
1113 2749 1193 2812 adeo
1210 2747 1244 2828 ⁹]

95 2843 255 2899 annuente
275 2834 366 2894 nobis
387 2833 524 2914 glorioso
541 2839 576 2894 et
589 2834 824 2916 religiosissimo
837 2836 967 2918 Ervigio
980 2835 1123 2916 principe
1137 2843 1245 2896 nostro

97 2920 310 2983 necessarium
336 2918 398 2979 hoc
423 2925 569 2980 sanctum
594 2921 759 2988 eoncilium
792 2919 955 3003 definivit,
990 2929 1026 2988 ut
1051 2920 1084 2980 hi
1109 2919 1175 3001 qui
1190 2941 1246 3002 per

98 3003 311 3086 supradictam
322 3001 355 3079 ⁸)
377 3002 483 3084 legem
503 3003 694 3067 testificandi
713 3005 901 3088 dignitatem
920 3005 1173 3088 perdiderunu),
1191 3025 1246 3068 re-

99 3099 195 3170 cepto
226 3088 405 3150 testimonio
435 3089 585 3168 pristinae
617 3090 779 3172 dignitatis
812 3111 928 3154 causas
960 3091 1093 3174 exsequi
1123 3085 1248 3174 possint

100 3177 227 3240 debitae
239 3173 383 3236 actionis
392 3218 402 3255 ,
431 3175 564 3255 qualiter
582 3178 753 3240 nobilitatis
775 3178 889 3240 solitae
908 3179 1030 3240 titulum
1050 3186 1247 3258 reportantes

102 3272 136 3324 et
152 3280 234 3343 quae
247 3259 301 3338 ¹⁰»)
318 3256 357 3320 de
374 3261 552 3340 praeteritis
570 3261 713 3345 legitime
727 3263 959 3341 testificare11)
973 3261 1129 3324 voluerint
1144 3265 1247 3327 licen-

98 3345 165 3413 'tiae
191 3347 354 3408 obtineant
381 3355 491 3408 votum
501 3391 511 3428 ,
539 3355 573 3409 et
594 3367 615 3410 a
630 3346 788 3427 judicibus
808 3347 902 3408 nullis
919 3347 1175 3427 prohibitionibus
1196 3367 1250 3410 ar·

98 3442 241 3513 ceantur,
254 3431 317 3492 hoc
330 3429 695 3513 videlicetadjioientes,
708 3441 743 3494 ut
765 3434 794 3494 si
814 3431 888 3512 quid
907 3431 939 3493 in
959 3433 1136 3513 praeteritis
1155 3435 1252 3498 testi-

102 3521 198 3581 ficare
216 3517 398 3598 voluerunt,
420 3517 449 3578 si
468 3535 523 3597 pre
545 3519 614 3579 sola
634 3516 726 3598 hujus
743 3517 793 3578 -rei
812 3517 1014 3587 infamatione
1034 3518 1145 3600 rejecti
1165 3531 1249 3604 sunt,

105 3601 283 3666 testimonio
303 3620 362 3662 suo
383 3619 482 3682 nuper
502 3604 686 3683 conquirant
715 3603 798 3684 quod
819 3603 850 3665 in
871 3604 1048 3684 praeteritis
1069 3608 1252 3687 conquirere

106 3695 267 3770 poterant,
293 3691 414 3747 tantum
442 3687 470 3748 si
496 3687 553 3747 illc
575 3696 732 3769 tempore,
761 3707 822 3770 quo
843 3689 875 3750 ia
895 3690 1074 3771 praeteritis
1095 3692 1134 3753 ad
1155 3693 1252 3754 testi-

105 3770 430 3837 moniumdic'endum
450 3772 557 3836 vocati
582 3783 656 3835 sunt
682 3783 717 3834 et
744 3773 945 3854 supradictae
970 3775 1053 3856 legis
1078 3777 1253 3838 institutio-

106 3861 196 3923 nibus
223 3858 397 3940 reprobati,
425 3865 481 3918 aut
501 3859 593 3919 oliam
619 3859 755 3920 criminis
775 3867 883 3920 notare
910 3877 967 3920 eos
996 3868 1073 3928 tunc
1101 3881 1163 3923 non
1192 3863 1253 3925 ha-

107 3947 212 4008 buisse
246 3945 384 4024 patuerit
423 3949 478 4004 aut
512 3943 695 4006 tricennium
716 3943 770 4022 ¹²)
806 3953 881 4006 tuno
915 3943 1078 4006 effluxisse
1115 3966 1186 4010 cum
1214 3951 1254 4016 ad

109 4029 318 4128 testimonium
338 4029 460 4094 fuerant
480 4029 593 4118 prolati
613 4029 656 4112 bi,
668 4029 720 4120 qui
744 4049 801 4100 eos
821 4031 1071 4118 reprobaverant,
1090 4034 1256 4106 manifeste

107 4122 306 4182 oonncermtr

147 4367 174 4434 ¹)
190 4347 351 4488 etenrperMbll.
403 4397 439 4476 ἶ
466 4368 539 4488 .„².)‘.
551 4368 656 4489 Vppba:
681 4378 757 4480 appare
775 4371 883 4490 Julliaq
901 4370 998 4492 dgsunt
1013 4368 1041 4423 in
1059 4370 1129 4480 ldis.
1148 4373 1182 4424 T.
1197 4374 1220 4426 1.
1233 4377 1258 4429 2.

143 4477 146 4486 ·
179 4453 287 4572 :a
302 4465 378 4558 a*
392 4436 675 4573 ..borean
692 4438 912 4566 ,trau
937 4441 1261 4577 *turbetur

132 4573 178 4640 ἰ)
196 4577 240 4640 qai
256 4591 334 4644 seper
350 4575 510 4641 praediolum
526 4577 565 4628 Μ.
605 4603 649 4618 -=
690 4581 719 4646 θ)
740 4579 903 4647 perdideruat
921 4579 958 4628 Μ.
999 4607 1033 4618 -·-
1075 4583 1125 4646 ¹⁰)
1143 4589 1168 4634 at
1183 4591 1263 4650 qarbu·

183 4659 229 4710 qua
244 4645 283 4698 Μ.
327 4673 362 4684 -
409 4643 457 4710 1¹)
477 4646 610 4710 testificari
628 4649 664 4702 M.
700 4680 734 4690 -
775 4649 1201 4736 ¹¹.)trt'crrrriamioml13—
