2912 5060
208 233 274 318 raa
467 228 604 309 eorm
623 225 846 308 recusem
866 157 1102 306 trucum
1144 273 1171 306 ..

208 405 383 490 deputetur.
424 401 610 472 sarman
624 403 668 468 ita
689 401 820 486 plurima
847 402 920 468 loca
948 401 1163 481 inveniuntur,
1188 397 1221 462 in
1239 397 1374 484 quitus

203 493 319 570 ambae
338 497 446 572 partes
471 491 613 574 fuerunt,
642 498 680 554 ut
699 508 761 554 non
782 488 906 570 possint
933 507 953 551 a
995 487 1105 553 ualiter
1126 483 1241 566 dividi,
1271 485 1370 552 velut

209 579 244 652 si.
259 576 367 658 impari
393 593 520 640 numero
545 576 679 658 fuerint,
707 573 878 643 distributis
905 573 953 636 eis
996 573 1064 648 ocis
1091 572 1144 654 qui
1171 587 1279 652 parem
1300 569 1370 650 loa-3
1434 571 1435 658 l

207 663 285 732 bant
312 679 493 742 numerum,
527 662 713 742 quicumque
738 659 829 724 locus
854 659 1053 740 remanserit,
1079 657 1142 743 hoc
1168 657 1200 720 iu
1226 675 1266 718 eo
1287 673 1370 720 ser·
1435 714 1436 746 ρ

207 737 299 814 vetrrr
328 745 413 830 quod
440 747 585 827 superius
605 745 723 811 dictum
743 753 811 827 est,
824 742 910 810 ¹cum
929 742 970 808 de
991 761 1053 806 uno
1074 749 1260 807 tractaretur
1279 741 1368 808 loco.

230 869 352 962 cxlx,
389 869 433 937 tlt
452 874 483 935 oi
505 893 598 956 quom
613 873 788 936 ‘dioecesim
809 873 972 954 episcopor
993 869 1034 933 ch
1055 869 1181 933 tumst
1201 867 1344 932 litmaro

272 1029 275 1037 Δ
333 959 335 966 ‘
406 959 547 1022 trimma
568 959 766 1042 possederit,
793 957 897 1020 nultus
928 977 999 1020 eant
1019 962 1156 1039 γεραιαί.

117 1047 120 1058 ’
210 1077 213 1086 ⁴
292 1063 371 1126 item
391 1061 525 1145 placuit,
555 1070 591 1123 ut
618 1063 741 1124 etiamsi
762 1061 926 1143 quisquam
946 1063 1020 1141 post
1040 1059 1132 1141 leges
1153 1056 1288 1140 aliquem
1308 1057 1366 1120 lo-

208 1161 281 1214 cun
302 1147 343 1212 ad
363 1148 551 1212 catholicae
570 1147 721 1210 unitatem
746 1147 937 1210 converterit
958 1163 1091 1228 ermque
1111 1161 1168 1224 per
1194 1143 1363 1207 triennium

127 1297 130 1306 ,
207 1235 331 1314 nemine
358 1240 521 1314 repetente
549 1234 728 1313 retinuerit,
758 1231 888 1294 ulterius
904 1233 948 1294 ab
970 1249 1009 1294 eo
1030 1249 1093 1298 non
1111 1236 1279 1310 repetatur.
1321 1229 1361 1294 Si

208 1329 312 1386 tamen
327 1339 383 1401 per
402 1319 504 1400 ipsum
525 1319 687 1382 triennium
706 1318 765 1382 fuit
784 1317 972 1398 episcopus,
998 1317 1052 1399 qui
1072 1323 1184 1398 posset
1202 1323 1359 1398 repetere,

206 1415 242 1473 et
263 1406 377 1488 tacuit,
397 1403 618 1486 praejudicium
638 1405 782 1484 patietur.
823 1401 861 1466 Si
882 1411 987 1467 autem
1007 1420 1070 1478 non
1090 1401 1157 1482 tirit,
1178 1419 1241 1464 non
1261 1419 1359 1482 prae-

203 1489 360 1574 judicetur
383 1491 527 1571 matrici,
554 1488 614 1554 sed
642 1491 754 1569 liceat,
783 1505 854 1550 cum
879 1489 970 1552 locus
997 1487 1154 1567 acceperit
1175 1487 1355 1568 episcopum
1434 1529 1435 1542 ,

206 1596 301 1660 quern
321 1595 384 1638 non
400 1576 547 1656 habehat,
568 1594 610 1638 ex
631 1575 700 1655 ipso
723 1574 773 1636 die
795 1575 874 1636 intra
896 1573 1058 1636 triennium
1079 1579 1240 1651 repeteres
1254 1572 1354 1636 item-

185 1681 269 1746 .que
290 1661 319 1728 si
339 1662 432 1724 fuerit
446 1661 622 1742 ¹episcopus
646 1659 687 1722 ad
708 1658 893 1722 catholicam
914 1677 955 1720 cx
975 1658 1091 1720 Donati
1110 1666 1199 1736 parte
1220 1675 1358 1722 conver..

207 1765 280 1829 sus,
309 1765 371 1809 non
398 1745 428 1808 ei
457 1745 651 1827 praejudicet
677 1743 870 1826 praefinitum
897 1753 1039 1824 tempus,
1068 1741 1126 1806 sed
1153 1762 1196 1804 ex
1220 1743 1356 1824 quodie
1432 1746 1435 1767 ¹

83 1831 87 1848 '
164 1896 165 1901 ,
194 1849 379 1896 ‚conversus
398 1839 449 1893 est
469 1831 584 1892 habeat
603 1850 659 1911 per
680 1830 842 1891 triennium
861 1837 1051 1910 potestatem
1072 1827 1239 1910 'repetendi
1270 1829 1351 1912 loca,
1409 1814 1437 1926 ,Ι

204 1937 288 2004 quae
308 1916 470 2000 adipeam
489 1916 685 1999 pertinebant
706 1911 893 1980 cathedram.
953 1941 956 1950 v

243 2043 345 2112 CXX.
388 2038 440 2106 Dc
460 2043 511 2106 tto
532 2047 587 2130 ραι·
604 2046 640 2111 t‘n
654 2043 782 2128 plebea,
804 2063 881 2128 proco
903 2043 948 2108 od
964 2063 999 2106 ec
1013 2047 1137 2126 putant
1150 2043 1328 2128 pertinere,
1434 2110 1435 2114 ,

370 2129 570 2206 inconvento
591 2131 642 2193 loia
663 2151 684 2194 a
707 2129 818 2214 qotooo
839 2135 1006 2208 terantur,
1032 2131 1196 2195 irruerint.
1433 2127 1434 2162 ³

293 2231 373 2294 Item
399 2232 532 2314 placuit,
567 2241 603 2296 ut
627 2234 814 2316 quicumque
839 2233 978 2314 episcopi
1004 2230 1174 2313 plebes1),
1203 2247 1284 2312 quas
1311 2229 1356 2294 ad
1431 2309 1432 2316 ρ

205 2333 296 2380 auam
318 2316 500 2406 cathedram
521 2318 700 2380 existiment
711 2317 745 2398 ²)
765 2319 917 2399 pertinere
923 2363 933 2400 ,
954 2337 1016 2382 nou
1036 2319 1081 2380 ita
1100 2313 1295 2398 repetunt),
1317 2325 1354 2378 ut

205 2419 322 2478 caueae
342 2419 427 2466 suas
456 2403 615 2484 episcopis
637 2403 850 2484 judicantibus
865 2412 996 2487 agant,
1031 2403 1090 2468 sed
1115 2404 1178 2467 alio
1200 2401 1356 2464 retinente

203 2485 352 2578 irruerint,
373 2489 443 2550 sive
463 2487 731 2552 volentibus.sive
750 2487 927 2554 nolentibus
947 2483 1104 2568 plebibus,
1137 2505 1254 2552 musae
1274 2505 1355 2552 suae

203 2567 421 2637 detrimentum
448 2575 617 2654 'patiantur
667 2575 710 2636 Et
738 2575 925 2656 quicumque
956 2571 1022 2654 jam
1048 2573 1110 2643 hoc
1138 2573 1298 2654 fecerum,
1327 2573 1356 2636 si
1429 2646 1430 2657 ρ

202 2658 339 2724 noudum
365 2665 416 2721 est
442 2659 521 2722 inter
547 2661 714 2739 episcopos
741 2659 828 2722 linita
855 2660 1035 2738 contentio,
1065 2657 1123 2720 scd
1149 2657 1254 2723 adhuc
1283 2653 1356 2720 iude

203 2743 424 2824 contendunt,
455 2745 507 2805 ille
527 2745 600 2808 inde
621 2744 781 2825 discedat,
809 2764 901 2824 quern
928 2745 1101 2806 constiterit
1127 2744 1357 2822 praetermissis

198 2824 325 2908 judiciis
346 2829 574 2892 ecclesiasticis
590 2830 717 2891 irmisse
726 2851 739 2927 j
766 2848 827 2892 nec
854 2829 914 2891 sibi
935 2827 1143 2912 quisquerat)
1171 2828 1356 2910 blandiatur,

202 2911 233 2978 ai
253 2931 274 2974 a
293 2913 423 2994 primate
434 2911 468 2992 ὅ)
495 2922 531 2975 ut
555 2915 688 2978 retineat
712 2915 820 2978 literas
848 2915 1038 2995 impetrarit,
1066 2913 1126 2976 sed
1145 2913 1217 2976 sive
1237 2914 1356 2981 haheat

201 2997 309 3072 literas
333 2999 403 3060 sive
424 3017 487 3062 nou
507 2998 638 3080 habeat,
667 3001 836 3062 conveniat
865 3019 936 3062 eum
958 3000 1011 3080 qui
1038 3007 1125 3062 tenet
1155 2997 1286 3080 atejus
1312 2999 1356 3060 li-

202 3090 288 3146 teras
308 3084 461 3164 accipiat,
488 3091 524 3144 ut
545 3082 661 3163 euml)
691 3093 840 3164 appareat
866 3084 999 3164 pacifice
1020 3083 1162 3154 tenuisse
1182 3080 1356 3151 ecclesiam

201 3167 244 3232 ad
271 3185 309 3232 se
330 3170 545 3250 pertinentem.
586 3169 624 3232 Si
644 3177 749 3232 autem
771 3170 822 3234 ille
844 3170 977 3251 aliquam
999 3170 1215 3252 quaestionem
1235 3171 1358 3232 retule-

200 3253 255 3336 rit,
324 3273 340 3315 r
361 3255 528 3336 episcopos
545 3251 669 3334 judices
691 3273 789 3318 causa
810 3253 948 3338 liniatur,
977 3255 1047 3316 sive
1069 3271 1148 3336 quos
1168 3255 1216 3316 eis
1235 3255 1357 3338 prima·

201 3347 253 3401 tes
296 3339 434 3424 ederint,
465 3341 536 3402 sive
558 3357 637 3422 quos
656 3341 718 3422 ipsi
737 3341 924 3404 vicinosex
945 3338 1147 3419 consensui)
1169 3339 1355 3424 delegerint.

246 3462 366 3529 cxxi.
408 3465 460 3528 De
486 3465 536 3528 hio
564 3468 620 3562 ραι·
640 3466 748 3550 plebea
778 3467 824 3532 od
848 3488 884 3532 ae
903 3455 1104 3552 pertinentes
1130 3467 1311 3554 negligunt.

284 3567 364 3630 Item
391 3568 526 3649 placuit,
556 3576 592 3630 ut
619 3570 805 3651 quicumque
831 3571 997 3653 negligunt
1023 3571 1095 3634 loca
1121 3570 1162 3636 ad
1181 3589 1273 3634 snam
1293 3589 1355 3654 ca·

200 3651 341 3716 thedram
360 3654 546 3734 pertinentia
575 3653 606 3716 in
628 3655 814 3718 catholicam
836 3657 988 3718 unitatem
1008 3656 1135 3737 lucrari,
1156 3656 1353 3728 convenian-

200 3747 251 3804 tur
271 3757 292 3802 a
313 3737 514 3822 diligentibus
533 3739 647 3803 vicinis
669 3741 844 3823 episcopis,
869 3749 906 3804 ut
925 3740 957 3804 id
979 3757 1083 3823 agere¹
1097 3760 1159 3802 non
1178 3750 1352 3824 merentum

199 3823 284 3905 quod
305 3826 333 3886 si
354 3827 435 3888 intra
454 3843 516 3888 sex
535 3843 663 3888 menses
686 3826 772 3891 adio
793 3828 1011 3890 conventionis
1030 3845 1093 3888 uon
1114 3825 1286 3909 effecerint,
1298 3827 1352 3906 qui

199 3909 336 3989 potuerit
363 3928 404 3972 ea
429 3909 553 3991 lucrari,
581 3911 622 3974 ad
648 3913 750 3990 ipsum
775 3913 969 3991 pertineant:
1003 3913 1048 3974 ita
1063 3927 1167 3993 sane,
1192 3921 1228 3974 ut
1248 3913 1277 3982 si
1297 3912 1352 3974 ille

199 3992 241 4058 nd
267 4010 360 4073 quam
386 3995 574 4074 pertinuisse
600 3996 786 4060 videbantur
817 3997 948 4076 probare
972 3998 1107 4077 potuerit
1134 3998 1238 4081 magis
1268 3998 1355 4060 illius

199 4078 334 4156 electam
352 4079 579 4164 negligentiam
599 4081 640 4144 ah
655 4079 833 4162 haereticis,
853 4087 890 4144 ut
909 4081 1034 4164 impune
1055 4078 1100 4148 ihi
1117 4084 1193 4168 siut,
1206 4075 1241 4148 et
1260 4101 1355 4154 eum

208 4217 217 4230 .
348 4218 351 4231 .

1081 4283 1085 4294 ,
1153 4277 1155 4285 r

212 4292 215 4301 Ι
235 4329 264 4398 ¹)
281 4337 311 4383 at
328 4331 440 4398 episcopi
457 4311 761 4414 qonomctqoeudcoleeioa
782 4332 822 4384 ccl
842 4331 933 4399 platee
952 4331 983 4391 0.
1000 4333 1075 4457 Ηίρρ.
1115 4365 1151 4378 ·-
1170 4310 1231 4406 ²)
1253 4292 1353 4389 chisti-

267 4407 338 4453 mont
357 4399 389 4454 0.
405 4401 494 4512 ta:
511 4401 553 4511 Ap.
572 4406 731 4530 melanipptb
751 4431 786 4526 E
809 4401 862 4512 2
868 4402 1019 4540 ιιρςιὶραωιέι
1025 4439 1070 4528 om.
1085 4403 1122 4528 13.
1128 4433 1214 4530 αἱ
1230 4404 1352 4518 ‘hqair-

212 4469 558 4665 'ilgeriogetlri'orteotd
570 4487 668 4599 ddddrud
684 4507 740 4607 aiod
754 4541 891 4609 qaoaipsa
902 4539 1000 4602 otton
1015 4511 1078 4600 cum·
1088 4545 1205 4601 mlta
1220 4513 1353 4612 minum
