2880 5050
353 225 596 313 adrodatur!
620 225 903 310 affluimus
911 229 996 310 rim
1184 222 1256 328 ii}

58 395 256 494 ,neeman
276 397 497 495 pauonum
526 400 632 479 Item:
662 397 712 480 De
733 386 798 482 iris
804 395 872 482 qui
879 415 1003 496 uxotce-
1032 415 1093 482 ιιι
1112 394 1244 480 divprtip

75 481 309 580 intercedente
330 483 544 580 relinquunt
555 486 654 562 item:
668 470 733 547 De
758 471 927 550 confirmat
905 493 990 568 trone
1009 416 1137 568 iesum,
1183 502 1244 548 uae

77 559 117 640 in
145 569 352 639 Judaeorum
384 561 561 650 nequitiam
585 554 829 664 promulgatae
836 578 912 632 sunt
940 561 1055 652 juxta.
1065 501 1246 656 eammiem
1287 607 1288 610 =

39 657 42 662 ’
78 653 201 738 legum
222 647 415 752 praefiniam
413 652 552 722 ordinem
571 651 748 736 titulorum,
778 650 831 736 qui
855 649 888 718 in
909 644 1021 717 eodem
1042 671 1161 719 canone
1183 672 1242 724 ιιι·

78 737 434 804 numeraturum:
459 740 509 800 De
531 737 580 802 his
596 737 648 820 qui
670 739 710 802 ad
731 700 1246 835 ecclesiamconfngiumlaoiunt,

76 825 189 895 Item:
210 813 273 890 lle
299 823 468 902 cultoribus
493 823 652 887 idolorum.
692 826 790 888 Item·
822 820 907 884 De
897 831 944 886 nrt
931 814 1063 886 terdicto
1093 784 1246 920 temporis

79 907 277 991 constituti,
309 929 370 1004 quo
397 909 513 978 debeat
539 908 704 972 concilium
730 907 888 972 celebrari.
938 909 1036 970 Item:
1071 901 1240 1004 Conclusio

83 991 359 1076 definitionum,
350 1015 383 1063 ιιι
409 1015 471 1075 qua
498 1002 530 1056 et
557 994 617 1056 dec
639 993 760 1076 gratiae
778 995 952 1056 referuntur
973 1001 1007 1056 ct
1027 1012 1082 1076 pro
1123 987 1244 1074 rincipe.

7 1159 8 1162 Ἴ
82 1070 271 1145 exoratur:
298 1088 477 1144 statuentes
506 1077 676 1176 ιιιιιιιὶιιι,
710 1089 746 1142 ut
772 1073 825 1160 qui
855 1087 964 1142 contra
993 1097 1118 1160 suprar
1108 1075 1240 1166 ictorum

82 1155 296 1258 capitulorum
329 1163 456 1228 decreta
491 1163 599 1229 venire
634 1124 897 1246 praesumpserit,
936 1171 969 1226 et
986 1154 1238 1238 ecclesiasticae
1300 1188 1310 1193 -

82 1247 424 1345 excommunicationis
444 1247 604 1323 sententia
623 1247 749 1312 feriatur
770 1259 804 1310 et
824 1247 865 1310 ad
885 1249 1001 1344 legem
1009 1245 1093 1310 illam
1106 1243 1240 1330 gloriosi
1330 1327 1337 1332 .

82 1326 265 1420 principis,
297 1353 378 1414 qnae
413 1332 445 1398 in
478 1325 709 1398 confirmatione
745 1325 886 1416 ejusdem
913 1329 1037 1398 concilii
1063 1333 1150 1420 facta
1116 1341 1255 1416 test,

80 1419 236 1491 tencatur
255 1417 418 1482 obnoxius.

175 1601 276 1668 'lertii
301 1601 364 1668 diei
390 1601 569 1666 necessario
598 1602 773 1669 collationis
801 1613 919 1669 everrtu
947 1601 1049 1680 visum
1077 1599 1166 1672 nobis
1185 1609 1241 1666 est

86 1686 288 1784 antiquorum
307 1698 427 1784 potrum
447 1687 599 1771 indagare
619 1689 659 1754 dc
674 1687 898 1787 poenitentium
915 1687 1033 1772 regidis
1046 1685 1236 1762 institutum·
1283 1692 1286 1704 '

85 1773 206 1836 etenim
222 1765 277 1836 di
255 1793 317 1856 gno
334 1771 427 1838 nobis
441 1773 640 1838 venerandus
652 1775 770 1838 honore
788 1773 1008 1840 sanctissimus
1021 1775 1117 1842 frater
1128 1779 1237 1848 noster

83 1821 290 1928 Gaudentius
310 1858 505 1926 valeriensis
528 1857 619 1926 sedis
645 1859 814 1940 episcopus
836 1879 892 1940 per
911 1850 1061 1930 nterim
1082 1875 1240 1958 meopte

84 1963 169 2016 suae
190 1940 231 2009 ad
251 1943 415 2041 concilium
435 1943 625 2029 destipetum
647 1961 839 2041 congressus
853 1954 905 2007 est
917 1943 1016 2009 nostri
1030 1939 1242 2018 reverentiam
1318 1981 1324 1989 -

86 2037 228 2109 coetus,
261 2028 436 2102 insinuans
451 2039 654 2094 sacrosancto
683 2028 828 2114 synodali
853 2027 1044 2110 conventui,
1072 2025 1193 2122 quod
1179 2043 1235 2088 ιιι

87 2115 272 2178 commodae
299 2113 494 2183 valetudinis
516 2113 677 2178 nimietate
703 2125 894 2212 praeventus
921 2135 976 2196 per
1003 2131 1116 2178 manus
1131 2109 1238 2193 impe

89 2197 237 2266 sitionem
257 2202 411 2266 subactus
430 2198 559 2262 fuisset
555 2187 773 2280 poenitentiae
793 2198 927 2296 legibus.
969 2199 1036 2264 Sed
1055 2208 1156 2263 utrum
1176 2216 1238 2260 ao*

88 2292 186 2363 cepta
214 2284 406 2380 poenitentia
431 2284 541 2348 liceret
561 2283 622 2350 sibi
642 2294 812 2366 praecepta
832 2283 882 2351 sui
902 2283 1017 2349 ordinis
1038 2290 1237 2378 cqntrectara

90 2367 243 2449 mysteria
262 2371 315 2432 vel
335 2363 498 2434 missarum
518 2369 612 2433 solita
633 2371 760 2452 explere
781 2368 902 2451 officia,
925 2389 980 2450 per
1000 2355 1193 2462 synodalia
1183 2385 1236 2428 m-

89 2450 272 2517 structionis
288 2453 321 2532 1)
351 2473 389 2516 se
414 2453 522 2518 maluit
542 2454 707 2520 certificari
725 2474 889 2552 responsa
931 2456 1021 2519 Tunc
1050 2448 1212 2517 colletis'
1201 2469 1234 2512 ιιι
1353 2511 1360 2524 ,

91 2557 185 2603 unum
206 2537 247 2600 de
267 2536 444 2623 hujusmodi
460 2539 623 2604 cenorieis
642 2539 855 2637 iustrmnentis
878 2540 942 2600 hoc
960 2547 1073 2605 sancta
1093 2533 1250 2618 synodus

7 2641 8 2648 ¹
91 2620 253 2704 definivit,
288 2633 323 2689 ut
357 2618 610 2689 reconciliatione
641 2623 815 2706 praemissa
845 2620 931 2688 soliti
957 2621 1072 2688 ordinis
1098 2627 1234 2685 retentet

7 2745 8 2760 ι
90 2707 205 2780 officio.
239 2707 285 2770 Si
311 2707 393 2774 enin
414 2711 545 2791 regulae
563 2709 816 2808 praecedentium
837 2704 958 2792 patnu'n
978 2727 1059 2787 eos,
1058 2704 1134 2788 qui
1153 2723 1253 2786 pom

7 2859 9 2868 s
91 2791 254 2864 nitentium
282 2791 314 2858 in
343 2793 519 2859 discrimine
544 2793 652 2860 mortis
679 2795 838 2877 accipiunt
857 2803 891 2858 et
910 2793 993 2857 nulla
1015 2793 1055 2856 de
1075 2809 1113 2854 se
1132 2787 1235 2866 mani·

7 2919 9 2956 ,
94 2881 178 2940 festa
196 2880 318 2948 scelera
338 2880 557 2960 confitentur,
566 2880 597 2945 si
618 2879 702 2945 adsit
722 2890 828 2948 tamen
845 2879 880 2944 in
901 2875 952 2943 his
972 2886 1006 2943 et
1026 2875 1141 2940 talibus
1159 2893 1235 2956 pro-

94 2961 181 3026 ties
201 2978 342 3057 morum,
376 2964 418 3028 ad
446 2963 683 3062 ecclesiasticos
709 2965 830 3062 gradus
852 2965 1015 3045 pertenire
1031 2958 1234 3058 permittunt,

91 3056 207 3142 quanto
228 3045 331 3142 magis
333 3007 387 3112 ut
407 3046 440 3110 hi
461 3048 564 3130 quiin
585 3049 655 3132 ipso
676 3048 853 3116 sacerdotio
878 3044 1042 3112 constituti
1065 3043 1234 3142 poeniten

95 3131 174 3194 tiam
194 3129 352 3212 accipiunt
373 3153 393 3196 a
412 3132 462 3197 sui
470 3133 598 3198 onlinis
622 3137 724 3201 officio
738 3136 962 3230 retrahantur,
992 3140 1060 3195 tant
1062 3151 1113 3193 um
1138 3127 1168 3194 si
1195 3147 1234 3206 se

7 3257 9 3292 ι
95 3215 155 3298 ipsi
188 3218 358 3286 mortalium
391 3218 551 3284 criminum
586 3220 781 3302 professione
812 3217 934 3300 propria
966 3239 1027 3280 non
1059 3207 1233 3280 notarunt?

7 3349 8 3364 .
90 3304 172 3378 (lum
200 3301 280 3369 enim
311 3303 411 3366 omnis
439 3305 592 3368 sacerdos
618 3316 693 3372 tune
718 3305 778 3369 sibi
803 3303 870 3367 licit
857 3313 923 3366 tum
942 3301 1119 3366 sacrificare
1140 3295 1233 3380 sciat,

7 3427 9 3464 ι
90 3388 214 3469 quando
243 3407 263 3448 a
290 3391 379 3452 melis
404 3389 528 3452 actibus
555 3401 668 3488 vacat,
697 3411 759 3474 qua
784 3386 921 3470 ratione,
943 3386 1003 3468 qui
1023 3381 1235 3478 poenitentiae
1320 3461 1330 3466 ,

7 3515 8 3522 1
91 3472 281 3540 remedium
278 3471 421 3566 suscipit
439 3475 522 3554 quod
543 3475 662 3539 datur
653 3473 919 3570 inremissionem
939 3468 1075 3553 peccati,
1093 3489 1114 3532 a
1132 3465 1235 3532 sacri-

91 3555 174 3626 liciis
201 3551 313 3618 divinis
340 3576 377 3618 se
407 3555 533 3640 abigit?
574 3559 770 3625 Paenitentia
796 3553 878 3622 ιιιίιιι
895 3557 945 3620 ad
960 3559 1032 3628 hoc
1056 3552 1235 3634 suscipitur,

91 3649 134 3714 ‚ut
153 3649 185 3702 et
203 3649 370 3720 peccatum
386 3641 483 3708 diluat
504 3653 538 3706 et
556 3644 681 3725 pcccati
699 3646 811 3708 sordes
831 3645 984 3712 hominem
1003 3638 1160 3716 iterare²)
1173 3656 1235 3711 non
1344 3687 1354 3698 ι

100 3723 198 3788 sinat·
191 3771 199 3806 ,
234 3724 287 3806 qui
316 3745 393 3809 crgo
421 3727 549 3791 confidit
573 3751 629 3811 per
655 3738 839 3810 susceptam
864 3725 1104 3808 poenitentiam
1108 3719 1247 3787 dimisse¹

100 3809 156 3874 sibi
181 3820 333 3892 peccata,
364 3831 441 3876 cur
450 3814 642 3879 confidenter
670 3817 709 3878 ad
740 3817 839 3878 altare
864 3809 979 3874 domini
1005 3829 1066 3872 non
1079 3806 1237 3887 accedat,

90 3897 149 3958 ⁴vel
164 3911 221 3960 :cur
242 3895 358 3960 ordinis
377 3897 429 3962 sui
439 3917 511 3960 non
530 3901 646 3980 audeat
666 3908 822 3962 retentare
840 3893 953 3976 officia,
975 3913 1046 3960 cum
1065 3893 1128 3954 hoc
1148 3889 1238 3970 alteri

102 3999 159 4058 non
177 3978 299 4062 liceat,
326 3979 388 4044 nisi
408 3980 439 4042 ei
460 3981 514 4064 qui
532 4003 571 4048 se
590 4005 621 4047 a
632 3983 780 4082 peccatis
801 3979 986 4051 abstineat
946 3975 1001 4044 t·‘²
1023 3975 1139 4053 etenim
1165 3993 1239 4052 cum

102 4063 316 4145 poenitentiam
343 4065 534 4148 accipimus,
563 4069 603 4130 ad
624 4063 853 4132 similitudinem
874 4061 1042 4130 conditoris
1061 4081 1120 4138 nos
1140 4062 1240 4127 refor-

103 4169 199 4212 masse
212 4149 246 4228 8)
274 4170 439 4212 conamur:
471 4153 647 4226 reformatio
671 4153 767 4236 igitur
792 4151 865 4234 ipsa
891 4150 1151 4213 medicamentum
1178 4148 1239 4226 est,

104 4253 159 4316 quo
179 4235 321 4297 delentur
340 4235 473 4316 piaculo
516 4236 553 4298 Si
574 4237 655 4299 enirn
675 4237 936 4301 medicamentum
955 4233 1041 4298 istud
1061 4227 1239 4324 assumitur,

88 4329 199 4404 reem.
208 4319 342 4384 creatori
362 4341 421 4384 suo
448 4323 552 4385 anima
577 4323 720 4438 reformat
707 4332 777 4404 t,ur
810 4331 898 4386 recte
922 4321 1017 4384 etiam
1044 4311 1241 4424 sacrilicandi

106 4495 293 4514 -—-—

137 4566 349 4654 ¹)'lnrtttutr'oais
366 4589 405 4642 Μ.
441 4619 476 4628 -
511 4589 541 4657 ²)
560 4588 660 4642 οιίιιιὶιιο
677 4591 769 4642 iteruri
787 4587 831 4640 AE.
867 4618 901 4630 -
937 4587 966 4654 ³)
983 4585 1124 4650 resonncre
1141 4583 1178 4660 M.
