2912 5060
199 243 283 352 aar*
465 257 709 360 corrcrnrurr¹
729 254 1000 330 scurronum
1020 257 1090 328 vn.

206 428 377 512 episcopus
401 429 589 516 ,dioecesem
613 434 744 515 visitat,
775 431 850 494 nulli
877 447 953 512 prae
980 425 1177 494 multitudine
1202 435 1362 490 onerosus

207 517 345 596 existat,
379 535 441 582 nec
472 535 608 600 unquam
640 519 938 600 quinquagenarium
954 515 988 594 ¹)
1020 529 1180 578 numerum
1203 511 1372 578 evacuo*

206 601 258 678 pris
286 599 443 683 excedat,
476 611 533 666 aut
559 604 691 684 amplius
717 621 810 685 quam
838 621 902 666 uua
929 600 981 664 die
998 600 1033 680 ²)
1068 618 1125 680 per
1143 604 1364 677 'mamqrraor-

208 703 272 768 que
297 686 458 764 basilicam
483 689 656 752 remorandi
680 691 838 752 licentiam
870 688 996 753 habeat.
1058 683 1262 764 Quicmque
1284 699 1364 744 voro

208 769 390 852 pontificum
415 773 593 836 eorumdem
622 775 711 837 aliter
739 793 831 855 quam
863 772 1060 836 decernimus
1088 767 1251 852 agendmm
1266 785 1367 848 prae-

209 857 396 938 sumpserit,
419 860 605 938 correptioni
615 861 649 938 ³)
670 861 777 940 procul
798 857 890 922 dubio
911 869 1064 922 οοιιοιιιιιιι
1084 852 1279 934 subjacebit,
1303 869 1366 932 qua

210 942 467 1006 constitutionum
502 943 699 1026 synodalium
740 941 993 1028 compressores
1030 941 1202 1023 priscorum
1239 943 1365 1018 patrum

195 1025 326 1097 edictis
347 1021 557 1110 corripiendos
578 1037 702 1110 oportet
715 1027 760 1107 ⁴).

295 1192 456 1274 Quosdam
477 1205 673 1278 paternarum
694 1197 872 1280 incognitos
886 1195 921 1273 ⁵)
949 1195 1003 1258 vel
1030 1193 1148 1256 oblitos
1164 1191 1366 1256 traditionum

211 1277 386 1346 interulam
407 1285 618 1364 conspicimus
639 1286 795 1346 corruisse
816 1280 979 1361 desidiam,
1001 1288 1038 1342 ut
1058 1295 1165 1342 eorum
1184 1277 1365 1366 execrando

152 1421 159 1440 ,
213 1382 274 1426 usu
296 1386 398 1448 paene
418 1370 534 1432 abolita
553 1377 737 1452 patescant,
764 1387 846 1450 quae
873 1367 1045 1428 extiterunt
1057 1364 1091 1443 ⁸)
1116 1364 1257 1446 legitime
1284 1381 1366 1426 cou-

205 1451 348 1536 ‚stituta3
374 1451 447 1516 dum
474 1456 557 1516 euim
583 1454 700 1518 indocti
726 1454 840 1518 docere
870 1459 1040 1533 appetunt,
1062 1448 1146 1532 quid
1166 1448 1250 1512 aliud
1270 1466 1366 1529 quam

214 1537 288 1618 quia
308 1539 502 1621 ignorantiae
522 1559 625 1602 errore
646 1538 846 1616 vexentuffl)
865 1531 1064 1600 ostendunit
1089 1535 1143 1596 lle
1156 1535 1228 1616 quia
1247 1552 1366 1615 gressu

213 1633 419 1706 praepostero
444 1626 615 1687 innitentes
640 1625 924 1706 praesumptionem
945 1621 1105 1684 doctrinae
1128 1617 1270 1682 dbcendi
1291 1627 1366 1682 stu-

215 1705 321 1787 ditm)
342 1718 552 1792 anteponunt,
572 1719 688 1792 patet,
701 1709 784 1792 quod
804 1728 866 1770 non
886 1726 1009 1770 sumnia
1028 1705 1174 1768 utilitatis
1185 1703 1220 1783 ⁹)
1240 1713 1365 1786 petunt,

162 1813 166 1828 ι
215 1791 276 1854 sed
307 1796 424 1856 actioni
454 1795 686 1878 depravationis
717 1795 898 1858 inserviunt.
961 1795 1013 1854 Elx
1042 1791 1104 1853 hoc
1134 1791 1231 1872 igitur
1256 1788 1366 1870 justae
1430 1829 1431 1838 ι

215 1880 399 1944 severitatis
424 1881 500 1943 talia
526 1881 754 1961 decernentes,
787 1887 960 1959 opportuno
986 1884 1147 1958 amputare
1169 1873 1286 1954 judicio
1309 1871 1366 1953 ju-

217 1963 328 2026 bemus
348 1985 421 2049 cos,
443 1960 575 2046 quasin
597 1967 719 2028 cellulis
739 1965 869 2045 propriis
888 1963 1031 2025 reclusos
1043 1959 1099 2038 ¹⁰)
1123 1969 1256 2022 sauctae
1276 1960 1365 2020 vitae
1431 2041 1432 2046 ἵ

217 2048 343 2110 ambitio
365 2058 470 2129 tenet,
499 2069 641 2131 quosque
662 2050 803 2130 ejusdem
828 2045 1110 2128 suncupmpositi
1129 2054 1165 2107 et
1184 2045 1295 2106 merita
1312 2043 1367 2124 ju-

217 2141 297 2194 vant
318 2141 352 2196 et
371 2136 511 2214 probitas
533 2143 636 2216 cruat,
659 2134 848 2216 quietos¹¹J
869 2133 921 2195 dei
941 2133 1058 2196 auxilio
1077 2139 1111 2192 et
1125 2140 1237 2192 nostro
1255 2129 1366 2192 favore

217 2225 307 2280 tutos
328 2221 476 2280 existere.
509 2221 583 2280 lllos
602 2239 697 2300 vere,
717 2239 799 2302 quos
820 2220 851 2280 iu
873 2218 938 2280 tale
958 2215 1215 2298 propositumoo)
1237 2215 1369 2298 ignavia
1432 2206 1433 2254 ³

216 2301 351 2384 impulit,
372 2323 433 2365 nou
455 2304 636 2392 prudentiae
658 2307 795 2390 cognitio
816 2304 993 2385 deputavit,
1015 2304 1157 2383 quosque
1177 2301 1262 2362 nulla
1280 2301 1369 2362 vitae

217 2385 356 2470 dignitas
378 2398 484 2466 cruat,
510 2390 585 2472 sed,
608 2390 690 2472 quod
712 2399 763 2454 est
784 2390 938 2471 deterius,
960 2397 993 2450 et
1013 2386 1188 2470 ignorantia
1207 2385 1314 2448 foedat
1333 2393 1369 2447 et

218 2482 337 2534 morum
359 2476 519 2538 execratio
539 2485 653 2559 turpat,
670 2476 865 2540 decemimus
887 2475 925 2536 ab
947 2474 997 2536 lria
1018 2469 1112 2552 abjici
1131 2471 1252 2534 cellulis
1272 2471 1369 2552 alque
1433 2515 1434 2528 ,

218 2557 315 2640 locis,
341 2559 373 2620 in
400 2560 513 2640 quibus
541 2573 595 2624 aut
623 2563 760 2625 feruntur
779 2562 856 2645 vagi
884 2567 938 2622 aut
958 2567 1103 2621 tenentur
1122 2557 1248 2636 inclusi,
1271 2564 1369 2637 alque

159 2664 165 2672 ’
219 2643 261 2706 ab
289 2644 447 2725 episcopis
473 2648 544 2708 sive
572 2649 745 2710 rectoribus
771 2645 1040 2724 monasteriorum,
1067 2662 1111 2703 ex
1134 2659 1262 2724 quorum
1289 2659 1371 2704 cou-

220 2729 408 2812 gregatione
428 2731 623 2794 iiremntvel
640 2735 675 2798 in
694 2750 825 2813 quorum
842 2731 1005 2794 vicinitate
1025 2729 1219 2808 consistunt,
1246 2727 1279 2788 in
1299 2745 1372 2788 mc-

220 2815 368 2876 nasteriis
396 2815 570 2880 omnimodo
600 2817 805 2898 deputentur,
843 2825 879 2878 ut
907 2815 970 2877 illic
995 2814 1098 2876 sancti
1124 2811 1239 2875 ordinis
1266 2812 1371 2874 medi-

221 2905 329 2962 tantes
349 2883 524 2964 doctririam
538 2902 668 2981 primum
688 2903 812 2984 possint
831 2901 972 2980 discere,
993 2917 1076 2980 quae
1096 2907 1169 2960 sunt
1190 2917 1209 2960 a
1230 2898 1372 2977 patribus

220 2983 380 3066 instituta,
400 2994 436 3046 ut
455 2995 529 3066 post
548 2988 676 3048 valeant
696 2987 821 3067 docere,
841 3005 923 3067 quae
943 2993 1018 3046 sunt
1037 2992 1149 3046 sancta
1168 2982 1372 3046 meditatione

183 3131 189 3140 ,
221 3080 382 3150 percepta,
402 3079 497 3150 atque
517 3079 592 3134 tunc
613 3071 746 3153 demum,
766 3073 795 3134 si
813 3071 972 3134 doctrinae
986 3077 1018 3132 et
1036 3069 1139 3132 sancti
1151 3069 1255 3150 operis
1268 3067 1371 3132 tuctu

222 3155 383 3219 extiterint
402 3155 570 3238 fecundati,
592 3157 632 3219 ad
653 3156 869 3234 summam¹³)
888 3155 1013 3217 virtutis
1034 3163 1200 3236 properent
1220 3151 1372 3216 exercitio

221 3249 354 3304 sanctae
374 3241 552 3304 intentionis
573 3243 689 3304 imbuti.
728 3243 889 3322 Deinceps
916 3248 1021 3302 autem
1041 3241 1228 3321 quicumque
1248 3238 1290 3300 ad
1309 3239 1373 3302 hoo

221 3335 367 3388 sanctum
386 3328 578 3406 propositum
598 3331 706 3390 venire
727 3326 953 3408 disposuerint,
981 3343 1043 3386 non
1071 3326 1160 3388 aliter
1179 3325 1239 3386 illis
1259 3323 1290 3386 id
1312 3323 1373 3386 da·

223 3411 305 3472 bitur
325 3413 470 3492 assequi,
491 3433 594 3492 neque
615 3415 676 3476 hoc
698 3422 792 3476 antea
812 3419 957 3496 poterunt
977 3409 1124 3492 adipisci,
1152 3411 1213 3472 nisi
1233 3410 1319 3489 prius
1340 3407 1372 3470 in

223 3497 422 3556 monasteriis
451 3499 677 3574 constituti¹⁴i
705 3507 739 3559 et
767 3495 939 3560 secundum
967 3503 1097 3560 sanctas
1117 3495 1373 3558 monasteriorum

224 3580 351 3660 regulas
371 3581 493 3659 plenius
514 3583 624 3644 eruditi
645 3591 679 3644 et
695 3583 878 3664 dignitatem
897 3581 1050 3644 honestae
1070 3580 1156 3643 vitae
1177 3587 1211 3642 et
1230 3579 1373 3643 notitiam

223 3667 379 3748 potuerint
392 3664 446 3743 1ὅ)
459 3675 590 3728 sanctae
609 3669 775 3747 promereri
791 3666 959 3730 doctrinae.
988 3665 1061 3727 lllos
1074 3674 1189 3746 autem,
1204 3683 1283 3746 quos
1298 3672 1374 3728 lau·

224 3759 290 3814 tum
319 3759 457 3814 extrema
484 3753 616 3814 vesania
642 3754 817 3834 occuparit,
851 3759 886 3814 ut
915 3751 1042 3814 incertis
1068 3751 1148 3814 locis
1174 3750 1251 3832 vagi
1277 3757 1375 3828 atquo

224 3853 343 3920 morum
363 3835 636 3917 depravationibus
656 3837 813 3901 inhonesti
831 3837 924 3900 ullam
944 3851 1072 3918 prorsus
1091 3853 1153 3900 nec
1171 3834 1373 3900 stabilitatem

224 3993 422 4014 ‘tua-..q

262 4087 291 4156 ι)
310 4049 469 4168 corruptum
487 4087 573 4142 locum
591 4085 762 4169 conjicimus:
780 4087 891 4142 forsitan
909 4086 1053 4169 quinarium
1069 4083 1120 4152 (ita
1131 4084 1159 4138 in
1170 4101 1204 4138 ιιι.
1215 4085 1275 4153 m).
1290 4076 1375 4138 'Nota

295 4155 557 4280 bgobtbrrbmincblfebb
578 4157 653 4267 Hmp.
679 4157 1090 4296 ‘btrtnbdmbbmbbrrbtni‘bbbibbbbb
1106 4153 1376 4292 &boomrrmbffi

278 4309 396 4361 ‘mersor
413 4303 438 4346 et
452 4297 595 4362 priscorum
611 4303 713 4364 pulmon
731 4303 865 4366 corrrrptnr
881 4296 910 4348 in
926 4311 961 4349 nr.
974 4295 1012 4347 M.
1046 4323 1082 4334 -
1117 4296 1145 4366 ⁵)
1163 4297 1268 4363 iprmroe
1282 4293 1321 4346 Μ.
1338 4319 1374 4332 -

261 4363 291 4432 θ)
309 4365 450 4416 asstiterant
466 4366 504 4418 lii.
539 4393 576 4405 -
618 4365 647 4440 ἵ)
665 4369 791 4419 benonim·
807 4367 844 4420 M.
886 4394 923 4406 -
968 4364 997 4432 ι)
1015 4364 1120 4416 decemb·
1136 4366 1221 4418 mulio
1237 4362 1265 4416 in
1284 4379 1318 4417 m.
1335 4363 1374 4415 Μ.

260 4435 291 4500 ⁹)
308 4449 407 4485 mammo
423 4433 575 4487 bouriliiutis
596 4433 624 4486 iu
642 4442 731 4501 textu,
755 4451 868 4490 estmorae
889 4435 1013 4490 utilitatis
1032 4438 1147 4500 mutium
1168 4435 1196 4486 in
1214 4451 1249 4486 nr.
1266 4431 1305 4485 Μ.
1338 4459 1374 4471 -

240 4505 408 4625 Ἣιῖἷῖιῗιῗῗ
424 4502 787 4640 1[ῐηίξῖιιιῖιηιιιιιι)ιῗιῳ
804 4506 926 4642 {inoff}
939 4503 1052 4625 ffatim
1064 4503 1150 4625 virid
1167 4503 1376 4640 m-'f'b'bwpb

293 4649 378 4696 *termo
397 4643 432 4696 Μ.
469 4669 502 4684 u-
763 4613 769 4629 .
862 4622 876 4656 ⁸
1113 4646 1114 4650 ’
1152 4609 1159 4625 ¹
1316 4641 1319 4649 '
