2912 5060
223 224 288 294 256
423 269 425 274 ,
490 219 733 296 OONOMUM
758 216 1106 292 rennuendum.

222 395 333 462 lecerit
352 395 541 482 conbrglum,
558 396 735 462 intercessu
750 391 948 460 sacerdotum
965 403 999 460 et
1016 393 1192 462 reverentia
1209 393 1270 462 loci
1286 398 1380 481 regia

184 539 186 546 ,
222 484 254 546 in
275 484 323 544 eis
337 482 369 562 ¹)
390 485 493 564 pictas
512 491 691 548 reservetur
711 483 879 630 cotyqilthnte
896 482 1029 564 justitia.

830 612 838 628 .
1438 585 1439 626 l

307 649 370 729 Qui
390 651 553 732 primatum
579 649 734 734 dignitate
763 661 858 734 atque
885 649 1080 714 reverentiae
1107 649 1160 712 vel
1185 653 1308 732 gratiam
1337 655 1379 720 oh
1438 635 1439 720 l

220 737 363 800 meritum
390 739 423 798 in
448 737 563 817 palatio
590 737 787 798 honorabiles
807 737 973 816 hahentur,
1001 735 1052 798 his
1074 755 1106 797 a*
1110 733 1283 814 junioribus
1304 758 1380 802 mc-

221 823 333 886 destus
353 823 451 884 honor
479 839 535 900 per
556 822 658 882 omnia
679 821 850 902 deferatur,
880 821 933 900 qui
955 819 1049 882 etiam
1070 821 1205 888 minores
1225 842 1246 886 a
1266 827 1379 887 aenio-

130 905 132 918 '
218 909 304 972 ribus
331 915 364 970 et
391 905 565 970 dilectionis
593 906 819 987 amplectantur
839 904 957 968 affectu
977 914 1011 968 et
1030 905 1173 968 utilitatis
1201 909 1377 974 imbuantur
1438 955 1439 1004 ,

219 993 375 1074 exemplo.

222 1117 227 1126 ·
748 1074 837 1140 XIV.

301 1159 477 1232 Praemium
495 1155 637 1222 fraudare
654 1154 799 1222 fidelibus
811 1159 846 1240 ²)
861 1178 926 1240 neq
935 1159 1035 1222 solum
1046 1159 1243 1234 inhumanum
1253 1159 1299 1242 8),
1315 1161 1374 1225 sed

218 1248 313 1310 etiam
341 1248 449 1310 existit
475 1245 642 1327 injustum:
673 1245 806 1327 ideoque
833 1265 904 1308 cum
930 1245 1004 1308 fidei
1029 1247 1170 1308 meritum
1183 1245 1218 1324 ι)
1248 1255 1313 1308 tam
1339 1249 1372 1310 iu

218 1335 312 1396 rebus
333 1333 447 1396 divinis
467 1349 559 1412 quam
580 1332 611 1394 in
633 1331 776 1394 humanis
796 1351 858 1394 non
879 1331 1031 1393 habeatur
1051 1333 1227 1416 ingratum,
1243 1331 1372 1416 dignum

216 1419 340 1482 videtur
357 1427 402 1484 ,ut
426 1417 613 1482 sacerdotali
642 1419 799 1480 sententia
828 1418 1027 1480 consulamus
1055 1416 1199 1481 fidelibus
1227 1419 1310 1500 regis
1326 1419 1369 1497 ⁵).

214 1505 370 1585 Proinde,
402 1511 438 1565 ut
474 1522 554 1565 anino
583 1504 680 1584 primo
706 1504 899 1566 serenissimi
928 1504 1074 1583 principis
1104 1504 1207 1572 nostri¹
1229 1503 1370 1568 decrevit

216 1592 572 1669 concilium-sanctum
602 1608 728 1671 omnes,
758 1590 810 1670 qui
838 1587 922 1650 fideli
938 1588 971 1667 ὓ)
1005 1589 1154 1669 obsequio
1185 1596 1217 1649 et
1245 1589 1368 1651 sincero

215 1677 344 1739 servitio
365 1675 579 1736 voluntatibus
608 1675 661 1736 vel
683 1672 785 1754 jussis
812 1674 967 1755 paruerint
987 1674 1135 1754 principis
1162 1681 1290 1755 totaque
1311 1673 1371 1736 'in-

214 1763 353 1824 tentione
374 1761 485 1822 salutis
507 1758 575 1839 ejus
597 1761 772 1824 custodiam
783 1761 836 1820 vel
850 1760 1043 1842 vigilantiam
1057 1759 1228 1839 habuerint,
1244 1779 1263 1822 a
1278 1761 1369 1842 regui
1386 1765 1392 1770 “

212 1848 449 1910 successorihus
478 1865 539 1907 nec
560 1864 579 1906 c
600 1846 752 1927 dignitate
773 1865 835 1908 nec
855 1865 875 1908 a
896 1846 989 1906 rebus
1016 1846 1153 1924 pristinis
1186 1864 1284 1906 causa
1313 1865 1368 1908 re-

212 1934 366 2013 pellantur
393 1930 524 2011 injusta,
554 1930 613 1992 sed
642 1937 675 1992 et
702 1950 785 1992 nunc
811 1933 856 1992 ita
881 1949 936 2010 pro
964 1927 1208 2012 uniuscujusque
1233 1931 1369 1994 utilitate

211 2019 360 2097 principis
385 2015 582 2078 moderentur
610 2015 813 2096 discretione,
844 2016 927 2078 siout
957 2035 1014 2078 eos
1035 2017 1229 2096 prospexerit
1249 2035 1369 2078 neces·

211 2105 311 2166 serios
333 2120 408 2164 esse
429 2101 565 2180 patriae3
595 2109 628 2161 et
649 2102 697 2162 sic
716 2103 777 2164 illis
797 2102 988 2181 impertiatur
1008 2103 1202 2184 benignitas,
1232 2110 1267 2162 ut
1288 2101 1366 2180 Μ’)

211 2189 328 2250 ceteris
346 2195 471 2250 maneat
489 2186 610 2267 gratiae
630 2195 792 2265 potestas:
824 2194 979 2267 quatenus
1008 2188 1052 2248 ita
1081 2188 1184 2250 omnia
1211 2187 1242 2248 in
1270 2189 1365 2250 rebus

193 2331 196 2336 .
206 2271 303 2354 juste,
316 2273 491 2354 conquisita
503 2269 536 2349 ⁸)
559 2271 733 2353 lucrentur,
754 2281 790 2334 ut
810 2273 946 2352 posteris
967 2271 1157 2354 relinquendi
1178 2273 1231 2334 vel
1252 2274 1365 2354 quibus

211 2360 359 2420 veluntas
376 2376 481 2420 eorum
501 2356 675 2418 decreverit
690 2357 868 2420 conferendi
882 2365 1055 2438 spontaneo
1077 2359 1213 2420 fruantur
1233 2359 1363 2422 arbitrio.

212 2444 363 2508 Ceterum
384 2445 412 2508 si
433 2441 566 2506 infidelis
580 2444 743 2524 quisquam
764 2445 795 2504 in
816 2444 920 2523 cupite
941 2445 1028 2526 regio
1051 2452 1105 2506 aut
1126 2443 1241 2506 inutilis
1260 2444 1293 2506 in
1310 2465 1364 2507 re-

208 2530 270 2595 bas
297 2530 473 2594 commissis
500 2529 659 2608 praesenti
681 2531 822 2610 piissimo
866 2527 987 2590 domino
1009 2538 1115 2592 nostro
1137 2528 1362 2608 Chintilanol)

209 2618 278 2699 regi
305 2615 460 2695 extiterit,
489 2615 521 2676 in
549 2614 734 2678 clementiae
761 2613 830 2695 ejus
856 2633 951 2696 manu
978 2623 1011 2676 et
1037 2616 1068 2678 in
1095 2613 1266 2694 potestatis
1284 2624 1363 2679 nutu

210 2696 335 2768 constet
347 2701 402 2780 10)
423 2697 599 2779 hujusmodi
618 2701 806 2782 mederati03
827 2700 917 2762 nelos
939 2707 989 2762 est
1011 2699 1092 2760 enim
1113 2699 1144 2760 in
1166 2699 1290 2761 dubium
1310 2701 1363 2762 in-
1437 2705 1438 2726 ¹

207 2786 323 2852 ducere
341 2786 394 2866 ιι)
426 2783 495 2866 ejus
523 2793 731 2868 potestatem,
766 2785 818 2849 cui
845 2786 979 2846 omnium
1012 2785 1196 2868 gubernatio
1225 2804 1360 2866 superno

207 2880 333 2936 constat
364 2870 514 2954 delegata
540 2868 668 2950 judicio.
731 2867 823 2948 Quod
852 2871 880 2932 si
909 2877 983 2950 post
1011 2867 1079 2950 ejus
1112 2869 1289 2932 discessum
1305 2870 1359 2949 12)
1437 2861 1438 2874 ’

205 2957 360 3040 quispiam
391 2964 534 3037 repertus
562 2955 654 3016 fuerit
682 2951 750 3036 ejus
778 2955 865 3018 vitae
894 2955 993 3018 fuisse
1024 2954 1178 3037 infidelis,
1212 2955 1361 3036 quidquid

203 3043 350 3126 largitate
369 3043 468 3122 ipsius
489 3041 520 3102 in
541 3041 635 3104 rebus
656 3041 764 3104 habuit
784 3042 979 3126 conquisitis,
994 3049 1111 3126 careat,
1125 3039 1359 3106 confiscandum

204 3137 238 3216 et
258 3127 401 3192 fidelibus
420 3125 622 3220 largiendum.
680 3183 685 3190 ,
742 3209 808 3276 XV

288 3295 370 3377 Quia
400 3298 451 3362 his
481 3293 534 3379 qui
564 3294 753 3377 principibus
775 3293 871 3378 digne
892 3291 1074 3358 deserviunt
1095 3304 1190 3378 atque
1211 3296 1359 3359 deleren-

144 3393 146 3400 '
202 3384 297 3469 tibus'
319 3384 412 3450 fidele
445 3384 506 3446 illis
536 3382 720 3464 obsequium
733 3412 736 3422 =
749 3389 875 3444 constat
900 3399 959 3442 nos
987 3383 1135 3460 optimum
1162 3383 1366 3444 ministrasse*

201 3469 385 3552 suffragium
398 3514 408 3550 ,
438 3468 511 3532 dum
535 3465 623 3547 juste
651 3486 670 3528 a
698 3466 887 3546 principibus
915 3467 1081 3548 acquisita·
1096 3467 1128 3528 in
1155 3487 1262 3530 eorum
1285 3467 1357 3548 jure

200 3555 369 3634 persistere
394 3555 558 3616 sancimus
584 3551 755 3632 indivulsa,
784 3570 916 3632 aequum
945 3559 995 3614 est
1024 3561 1056 3612 et
1072 3551 1126 3630 18)
1158 3554 1294 3614 maxime
1321 3561 1358 3614 ut

199 3641 294 3702 rebus
315 3640 518 3704 ecclesiarum
541 3635 593 3698 dei
613 3635 796 3698 adhibeatur
812 3655 832 3697 a
849 3637 942 3714 nobis
956 3635 1151 3716 previdentia
1173 3646 1357 3719 opportuna.

77 3731 81 3738 “
198 3725 358 3804 Adeo¹⁴)
386 3740 602 3808 quaecumque
632 3740 733 3782 rerum
762 3721 910 3784 ecclesiis
931 3720 1023 3784 deia
1053 3723 1242 3803 principibus
1265 3721 1356 3803 juste

109 3813 113 3822 “
198 3829 354 3884 cormessa
386 3819 461 3874 sunt
487 3809 541 3870 vel
570 3807 684 3868 fuerint
711 3803 765 3868 vel
792 3804 1017 3888 cujuscumque
1044 3807 1171 3870 alterius
1199 3827 1355 3890 personae

198 3895 338 3978 quolibet
358 3895 447 3958 titulo
464 3895 525 3957 illis
546 3910 609 3954 non
630 3889 744 3972 injuste
765 3891 879 3957 collata
899 3901 974 3956 sunt
995 3893 1048 3954 vel
1069 3894 1239 3974 extiterint,
1259 3893 1303 3954 ita
1320 3891 1356 3956 iu

128 4010 131 4026 .
198 4000 306 4066 corum
329 3978 400 4062 jure
426 3980 596 4064 persistere
616 3975 704 4040 firma
717 3973 771 4058 ¹⁵)
795 3975 958 4060 jubemus,
986 3987 1022 4042 ut
1040 3979 1136 4042 evelli
1156 3996 1355 4062 quocumque

231 4181 263 4248 ι)
281 4185 311 4231 to
328 4196 358 4232 eo
375 4181 413 4232 M.
447 4206 483 4221 -
521 4178 552 4246 ²)
569 4183 686 4244 praeusto
702 4179 826 4246 fraudum
842 4179 928 4243 fideles
946 4180 984 4234 M.
1002 4209 1037 4222 —-
1073 4177 1102 4248 Ι)
1120 4179 1162 4232 Al.
1179 4179 1298 4232 immone.
1315 4183 1353 4220 ²-

230 4249 261 4316 4)
277 4249 377 4302 Forte:
390 4250 536 4318 quimmqtte
552 4247 611 4310 fidei
628 4251 881 4316 meritmpratm
891 4251 930 4304 M.
947 4280 984 4290 -
1019 4248 1048 4318 ⁵)
1059 4249 1093 4304 of.
1104 4249 1136 4302 G.
1146 4251 1232 4305 Tolet.
1240 4251 1272 4302 V.
1291 4266 1313 4302 c.
1324 4249 1353 4304 6.

214 4319 263 4386 ..0)
280 4335 365 4371 omont
380 4320 467 4383 fideles
482 4319 526 4388 qrri
543 4317 571 4370 in
587 4335 622 4372 m.
640 4319 678 4372 Μ.
702 4349 740 4362 --
774 4320 802 4387 7)
821 4321 848 4372 iu
866 4337 917 4374 orn.
935 4337 952 4374 a
968 4321 1006 4374 Μ.
1033 4345 1068 4358 -
1104 4320 1133 4388 Ι)
1151 4320 1300 4388 comitissis
1312 4320 1353 4372 Μ.

231 4387 260 4456 ⁹)
279 4389 410 4442 Oiatt'luco
435 4389 473 4442 Μ.
516 4415 553 4428 ··-
602 4389 657 4457 10)
678 4389 706 4442 io
728 4389 862 4444 clementio
882 4391 937 4460 ejrtt
953 4396 1055 4444 monesi
1071 4391 1207 4456 potestatis
1223 4406 1269 4442 arm
1282 4395 1352 4441 ento

248 4461 436 4514 -cmtstitscnda
452 4459 482 4512 in
497 4475 534 4512 m.
551 4456 589 4509 Μ.
623 4485 659 4500 -
692 4459 742 4525 11)
759 4459 1017 4528 rescatentes
1035 4457 1153 4528 (praeter
1169 4457 1351 4524 Mam.)

228 4559 232 4572 ·
261 4528 395 4582 et··M.-
427 4527 741 4596 1²)ueesem1u.··-
774 4531 1082 4600 1⁸)etomaM.÷v-
1115 4527 1351 4596 ²⁴)sdeeotM.

229 4599 279 4664 Ν)
294 4599 370 4662 druto
387 4598 530 4654 stabilitate
548 4597 627 4652 inrui
642 4599 684 4654 M.
718 4627 753 4640 —-
801 4629 803 4636 ·
858 4640 871 4652 .,
927 4637 938 4646 ..
1435 4603 1436 4612 ¹
