2880 5050
335 251 974 340 mmmmmrmuummrxm
1165 263 1232 358 aaa

4 447 6 480 t
66 431 237 514 pertineat
257 429 402 496 salutem
442 429 487 494 ut
506 427 578 495 ideo
597 428 669 512 piae
683 427 909 518 sollicitudinis
929 447 1005 498 cura
1025 433 1146 500 extenti
1163 433 1227 500 do.-

4 541 6 572 l
65 517 228 588 {eusicius
254 516 416 601 decretum
441 515 638 597 premulgare
657 514 888 596 praeelegimus
908 515 940 580 in
960 517 1079 602 regiam
1097 520 1227 606 prolem,

4 621 5 658 l
67 612 106 669 et
129 602 270 667 tuitionis
291 602 323 662 in
344 601 479 662 futurum
498 597 669 664 obtendere
689 600 859 680 pietatem,
889 601 942 682 qui
967 605 1105 682 paternis
1125 605 1227 668 bene-

65 688 156 756 ficiis
181 687 378 767 nequivimus
403 685 532 749 reddere
553 681 673 748 vicem'
707 685 757 748 De
778 683 840 749 hoc
861 703 939 748 rane
959 687 1098 769 principe
1117 685 1225 755 nostru
1287 749 1291 756 .
1329 702 1337 716 ·

3 804 4 828 ;
65 773 203 853 ldrvigio
234 789 311 852 rege
340 768 373 830 id
398 787 457 832 nos
484 768 634 832 definisse
663 769 831 832 conveniet
844 766 898 849 ¹),
928 769 1018 852 cujas
1046 775 1176 856 provide
1189 775 1225 854 ²]

64 867 186 938 pacate
208 855 335 934 imperio
357 853 506 935 regimur,
529 852 646 916 aflectu
668 854 989 934 fovemur,¹praemiis
1010 853 1149 938 fruimur,
1172 859 1225 940 qui
1323 897 1327 906 =
1350 868 1352 878 '

64 940 319 1022 profanatoribus
340 940 494 1019 perditum
516 939 668 1004 libertatis
689 938 788 1003 decus
808 937 958 1019 restituit,
987 940 1040 1022 qui
1061 939 1101 1004 de
1124 961 1224 1006 accu-
1281 995 1283 1000 .

67 1028 155 1088 satis
179 1024 307 1098 modum
331 1042 393 1104 quo
415 1022 590 1102 justissime
617 1021 831 1084 examinentur
851 1019 1006 1106 decrevit,
1035 1027 1088 1106 qui
1109 1032 1224 1095 terram

68 1111 183 1190 gentis
207 1110 349 1189 propriae
374 1115 407 1168 ot
432 1108 572 1168 illaesam
594 1107 632 1168 ab
654 1107 747 1168 hoste
768 1109 909 1170 servavit
931 1117 964 1168 et
985 1110 1145 1192 multiplici
1166 1113 1225 1174 tri-

67 1196 217 1261 butorum
243 1193 432 1264 relaxatione
463 1193 582 1272 crexit3
611 1199 646 1252 et
674 1190 746 1254 ideo
775 1191 827 1272 qui
854 1201 902 1252 tot
922 1211 998 1276 erga
1019 1198 1126 1276 gentis
1142 1215 1223 1276 suae

66 1280 207 1359 populos
227 1277 296 1358 ejus
316 1277 470 1350 beneficia
489 1277 715 1357 persentimus,
743 1274 870 1360 dignum
892 1286 998 1340 estut
1019 1280 1132 1344 saltem
1153 1281 1224 1362 ejus

67 1365 145 1428 liliis
171 1364 262 1429 fortia
287 1363 425 1424 tuitionis
443 1361 493 1424 ad
519 1363 654 1424 futurum
675 1359 859 1424 adminicula
879 1381 1091 1446 prorogemus.
1133 1367 1224 1430 Con-

67 1458 225 1515 testamur
246 1467 323 1530 ergo
343 1467 454 1524 omues
472 1456 658 1527 praesentes
679 1455 714 1528 et
734 1447 883 1508 absentes
903 1465 968 1519 ⁸seu
995 1451 1089 1525 etiam
1106 1449 1221 1518 futuris

67 1536 264 1615 temporibus
290 1535 523 1613 subsequentes
549 1531 733 1596 sacerdotes
760 1533 813 1592 vel
841 1531 995 1622 principes
1024 1554 1084 1598 seu
1112 1535 1223 1618 cujus-

69 1638 207 1700 cumque
233 1619 359 1684 honoris
381 1627 438 1680 aut
461 1611 575 1680 ordinis
594 1617 736 1685 homines
758 1633 862 1693 curam
884 1615 943 1678 deo
966 1627 999 1682 ct
1019 1623 1140 1684 sanctis
1161 1638 1222 1688 an-

68 1706 157 1787 gelis
185 1703 271 1784 ejus,
299 1713 334 1766 ut
359 1704 462 1768 nullus
489 1703 530 1766 ad
551 1703 685 1766 futurum
704 1701 880 1783 posteritati
901 1699 970 1784 ejus
991 1705 1044 1766 vel
1063 1707 1221 1788 gloriosae
1322 1721 1325 1736 '

69 1789 201 1872 conjugi
227 1807 306 1852 suae
331 1790 534 1870 biuuigotoni
551 1787 584 1866 ,3)
615 1789 760 1870 reginae,
790 1796 884 1868 atque
912 1789 961 1850 his
973 1833 984 1870 ,
1022 1793 1074 1875 qui
1101 1785 1220 1874 gloriae

67 1893 155 1942 sarae
171 1875 243 1946 liliis
264 1874 317 1934 vel
336 1874 458 1939 filiabus
479 1872 636 1953 conjuncti
664 1892 738 1954 esse
763 1879 934 1945 noscuntur
958 1892 1018 1938 seu
1037 1877 1146 1953 ,etiam
1167 1879 1221 1960 qui

66 1960 174 2025 adhuc
202 1958 361 2038 cunjuncti
388 1979 450 2020 non
478 1968 552 2024 runt
577 1958 635 2020 sed
662 1960 802 2038 protinus
823 1955 1034 2042 conjungendi,
1053 1972 1142 2044 sunt,
1169 1965 1221 2026 in-

62 2044 177 2126 justas
192 2044 337 2116 laedendi
356 2045 542 2126 occasiones
556 2044 723 2125 *exquiram
751 2043 853 2104 nullus
875 2045 1000 2110 occulte
1021 2047 1075 2109 vel
1094 2048 1219 2131 ppblice

65 2151 126 2212 per
155 2149 238 2211 quae
267 2129 450 2206 abdicentur
476 2130 613 2190 malitiae
633 2148 724 2192 suae.
740 2137 849 2212 coptra
874 2147 931 2191 eos
957 2139 1033 2194 vota
1060 2124 1221 2220 extendat,

67 2235 133 2278 non
155 2235 212 2276 eos
233 2215 336 2296 gladio
358 2215 411 2274 vel
433 2215 571 2294 qualibet
592 2215 768 2294 perniciosa
787 2211 923 2276 faotione
943 2215 1119 2300 interimat3
1147 2221 1220 2282 nul-

66 2303 119 2363 lua
148 2301 309 2362 consilium
330 2301 382 2360 vel
411 2319 491 2378 opus
505 2300 630 2380 'quibus
650 2297 765 2380 injuste
787 2297 971 2378 dejiciantur
990 2303 1043 2363 vel
1064 2293 1221 2368 nudentur

68 2388 165 2450 rebus
186 2385 352 2466 exhibeat3
380 2385 482 2449 nullus
503 2383 552 2445 his
574 2383 688 2464 injuste
707 2383 878 2446 violentum
899 2393 1046 2450 tonsurae
1067 2391 1219 2476 signapa-

69 2473 135 2536 lum
155 2467 325 2551 imprimat3
346 2471 449 2532 nullus
468 2478 594 2532 vestem
614 2477 723 2545 contra
744 2467 880 2532 ordinem
898 2469 1053 2551 gloriosae
1075 2470 1219 2558 conjugis

70 2555 142 2636 ujus
167 2556 220 2616 vel
240 2555 368 2628 filiabus
396 2556 464 2618 suis
493 2563 589 2636 atque
621 2555 707 2618 nuris
733 2563 852 2616 mutare
882 2565 1083 2639 praesumat3
1115 2560 1218 2622 nullus

69 2642 165 2705 etiam
181 2649 272 2705 extra
283 2640 440 2702 evidentis
457 2641 568 2720 culpae
587 2639 733 2702 indicium
754 2647 809 2700 aut
831 2639 932 2704 exiliis
953 2659 1010 2714 eos
1031 2643 1220 2728 relegandos

69 2727 213 2807 inducat,
241 2735 297 2788 aut
325 2745 432 2788 eorum
456 2726 635 2804 corporibus
656 2725 859 2806 quummlibet
880 2723 1144 2796 detruncationum
1166 2729 1219 2792 vel

1 2883 2 2888 η
69 2813 262 2895 flagellorum
278 2811 395 2874 inferat
415 2809 611 2890 detrimenta,
632 2829 693 2890 quo
717 2829 788 2884 cum
809 2813 1061 2890 praememoratis
1077 2815 1219 2878 omnibus

1 2951 2 2956 ,
69 2897 169 2962 omnis
195 2895 265 2975 ejus
290 2898 322 2956 in
348 2904 418 2956 tota
444 2895 620 2958 adfuturum
645 2896 782 2977 gloriosa
808 2895 978 2976 posteritas
997 2897 1146 2962 laesionis
1166 2901 1218 2962 iu-

66 2982 184 3061 justaur
211 3000 275 3052 non
291 2978 325 3057 ⁴)
346 2979 489 3058 ,perferat
513 2990 638 3058 uotam,
667 2999 727 3042 nec
753 3000 853 3042 rerum
880 2981 998 3045 sentiat
1023 2981 1225 3049 detrimenta·

72 3068 108 3131 si
126 3068 196 3147 quis
217 3073 322 3131 autem
342 3065 509 3147 huminum,
529 3063 698 3145 cujuslibet
718 3066 760 3126 sit
780 3065 894 3127 ordinis
916 3065 1125 3152 anthenoris,
1145 3069 1219 3134 huic

70 3161 197 3216 nostrae
224 3151 401 3212 sententiae
429 3169 491 3213 neu
517 3152 725 3232 acquiescens
753 3149 833 3214 lilios
859 3149 981 3214 filiasve
1001 3153 1119 3235 gloriae
1140 3175 1218 3226 suae

14 3292 26 3310 ,
69 3257 131 3302 uua
145 3255 216 3300 oum
232 3236 432 3305 serenissima
447 3234 583 3318 conjuge
605 3255 664 3298 sua
679 3236 889 3318 liuvigotone
910 3237 1021 3320 regina
1035 3241 1086 3300 vel
1105 3259 1220 3322 supra-

69 3323 162 3390 dictis
198 3322 339 3392 omuibus
369 3320 480 3385 amodo
507 3321 561 3396 uel
592 3321 777 3402 quandoque
804 3320 873 3382 sine
897 3317 986 3399 justo
1015 3325 1113 3404 partis
1137 3323 1217 3393 suae

1 3467 2 3470 ,
70 3409 197 3494 negotio
219 3415 275 3470 aut
294 3405 467 3480 laedendos
487 3406 654 3485 impetierit
682 3415 736 3486 aut
764 3403 958 3484 dejiciendos
984 3407 1134 3508 elegerit,
1164 3411 1217 3477 vel

70 3511 111 3558 ex
139 3495 261 3572 propria
292 3491 513 3562 deliberatione
545 3492 761 3572 consenserit,
793 3509 854 3572 quo
885 3501 940 3552 aut
969 3489 1009 3554 de
1038 3495 1132 3557 rebus
1158 3494 1218 3562 sibi
1313 3551 1315 3560 ,

70 3577 184 3644 depuis
202 3575 321 3654 injuste
339 3576 490 3656 ¹errpoliuti
510 3575 685 3658 nudentur,
716 3585 773 3638 aut
800 3575 870 3636 dolo
891 3578 943 3638 vel
969 3578 1218 3648 machinamento
1284 3581 1286 3590 “
1339 3651 1340 3654 ,

71 3660 207 3743 qualibet
241 3658 448 3740 dejiciantur,
480 3658 524 3722 sit
558 3670 686 3727 aeterno
715 3661 918 3726 anathemate
948 3663 1034 3726 ultus
1063 3675 1097 3728 et
1125 3663 1218 3732 futuri

71 3744 222 3813 uminis
239 3741 359 3826 judicio
380 3743 654 3899 condemnatos.V
671 3771 698 3840 Ι*

147 3911 338 3981 Execrabile
370 3911 493 3978 facinus
525 3925 559 3978 et
590 3921 739 3982 assuetae
772 3911 938 3976 admodum
965 3911 1138 3998 iniquitatis
1166 3925 1233 3999 est-

70 3995 317 4082 opus-defunctis
334 3999 462 4094 regilprs
478 3999 664 4081 ,superstitis
685 3996 754 4078 ejus
775 3997 921 4082 conjugis
943 4020 976 4064 re
1002 4001 1050 4064 ale
1072 4001 1218 4082 tororu‘}

70 4094 235 4167 appetere,
276 4094 311 4146 et
336 4084 500 4150 horrendis
527 4085 728 4167 pollutionum
755 4082 886 4148 maculis
914 4104 967 4148 sor
988 4083 1081 4150 rdare.
1138 4085 1218 4166 Quis

69 4167 413 4242 sm‘nt.0bristiauorum
433 4170 655 4253 aequanimiter
681 4170 762 4232 ferat
782 4157 923 4234 defuncti
943 4171 1029 4258 rogis
1051 4169 1218 4256 conjugem

69 4252 167 4327 alitur
192 4255 391 4338 marmarium
417 4255 572 4330 marmio
600 4254 646 4320 uti
675 4261 729 4336 aut
757 4255 898 4321 secuturi
924 4253 1073 4354 principis
1101 4253 1219 4341 libidini

79 4443 132 4556 ¹¹)
149 4491 280 4542 emarcirrt
299 4489 339 4542 M.
383 4515 419 4528 -—
464 4487 497 4556 ⁸)
515 4488 622 4556 muido
638 4488 688 4552 ride
710 4489 749 4542 Μ.
790 4517 827 4529 -
874 4489 1146 4559 turcopolorum.
1181 4523 1217 4532 -

102 4559 131 4625 ⁴)
147 4573 192 4609 nee
209 4560 330 4612 immone
347 4559 469 4628 bairaima
485 4559 522 4611 Μ.
561 4587 597 4600 ·-
652 4559 681 4626 ⁵)
703 4560 750 4642 Sic
766 4573 847 4626 supra
864 4559 993 4625 bobilam,
1018 4560 1156 4628 libellarii,¹
1170 4581 1218 4632 pra
1265 4593 1270 4606 a

133 4627 247 4694 habitur,
270 4629 388 4692 libellam,
412 4627 532 4698 blaqri.
568 4653 603 4682 ·.-
658 4651 662 4656 ·
1179 4677 1184 4694 ,

199 4745 202 4750 .
822 4737 827 4760 ,
975 4715 1051 4779 22*
