2912 5060
322 141 607 332 ,concurrum
628 206 902 300 rrouuuouuu
912 209 969 278 tv.
993 199 1016 320 ἰ
1175 207 1243 300 sto

138 473 141 476 ·
172 459 354 526 Secundum
373 459 497 529 divinos
514 459 685 546 scripturas
705 473 739 526 et
757 463 943 550 doctrinam,
964 456 1057 550 quam
1073 486 1097 542 a
1115 459 1242 544 sanctis

86 549 227 632 patribus
247 549 438 630 accepimus,
457 557 578 630 patrem
601 559 634 612 et
652 549 749 612 filium
768 558 801 612 et
821 549 962 632 spiritum
981 561 1124 616 sanctum
1144 555 1238 620 unius

84 635 216 698 deitatis
235 643 331 716 atque
350 635 546 696 substantiae
566 635 763 717 confitentum
783 635 815 696 iu
835 654 1034 718 personarum
1056 637 1239 707 diversitate
1274 633 1279 636 ’

87 721 256 782 trinitatem
283 719 470 800 credentes,
503 720 535 782 in
562 719 724 782 divinitate
751 721 902 782 unitatem
920 722 1147 801 vpraedicantes
1175 741 1238 788 neo

87 823 240 887 personas
260 804 491 884 confundimus,
522 823 583 866 nec
603 806 809 876 substantiam
829 805 1011 886 separamus
1022 803 1065 886 ¹).
1110 807 1237 871 Patrem

88 909 110 953 a
128 891 213 952 nullo
232 889 347 951 factum
366 890 421 950 vel
441 889 581 970 genitum
601 889 747 971 dicimus,
774 887 869 950 filium
889 909 909 952 a
928 900 1017 970 patre
1036 909 1098 954 non
1118 893 1236 956 iactum

88 975 148 1045 sed
174 975 316 1057 genitum
342 974 528 1053 asserimus,
563 973 703 1054 spiriitlm
731 990 808 1034 vero
836 985 981 1040 sanctum
1001 983 1070 1039 -tre'c
1097 980 1245 1042 creatum·

87 1060 304 1144 neegenitum
324 1058 383 1120 sed
402 1058 624 1138 procedentem
639 1077 681 1119 ex
696 1065 785 1136 patre
801 1065 835 1119 ot
847 1057 910 1120 iilio
926 1059 1113 1141 profitemur,
1133 1061 1236 1141 ipsum

89 1153 194 1204 autem
215 1144 370 1205 dominum
389 1151 529 1204 nostrum
550 1144 663 1204 Jesum
683 1141 842 1207 Christum
862 1141 1028 1205 filiumdei
1049 1153 1083 1206 et
1111 1155 1238 1208 creato-

88 1245 154 1290 rem
170 1227 314 1310 omnium,
325 1247 366 1289 ex
384 1227 560 1289 substantia
574 1221 672 1306 patris
692 1235 765 1287 ante
786 1225 915 1289 saectda
935 1229 1086 1310 genitum,
1099 1227 1239 1292 descen·-

90 1312 176 1375 disse
195 1313 303 1373 ultimo
323 1320 462 1391 ternpore
482 1331 537 1391 pro
558 1310 771 1392 redemptione
790 1311 936 1373 mundio
956 1321 1060 1394 patre,
1081 1315 1134 1394 qui
1154 1329 1238 1375 nun·

90 1415 191 1478 quam.
212 1397 306 1460 desiit
332 1415 407 1458 esse
432 1415 503 1464 cum
530 1404 637 1478 patre;
668 1398 846 1458 incarnatus
873 1403 924 1478 est
950 1397 1032 1458 enim
1058 1417 1100 1458 ex
1125 1398 1236 1478 spiritu

89 1490 201 1544 sancto
229 1489 262 1544 et
286 1489 397 1544 sancta
423 1480 560 1566 gloriosa
580 1481 632 1542 dei
651 1481 805 1562 genitrice
823 1479 945 1562 'virgine
965 1479 1067 1547 Maria
1089 1490 1123 1542 et
1137 1483 1246 1559 natus]

90 1585 133 1628 ex
152 1567 223 1646 ipsa
243 1566 347 1647 solus,
367 1563 493 1642 idem2)
513 1563 659 1627 Christus
679 1565 822 1650 dominus
841 1565 941 1626 Jesus
961 1583 1042 1626 unus
1063 1565 1103 1628 dc
1124 1575 1237 1633 sancta

89 1651 226 1714 trinitate
248 1651 350 1712 anima
370 1657 402 1710 et
423 1667 516 1710 carne
542 1649 714 1728 perfectum
735 1650 803 1729 sine
823 1658 956 1730 peccato
978 1651 1155 1730 suscipiens
1175 1650 1246 1711 ho-··

90 1737 222 1815 minem,
248 1733 483 1813 monens-quod
504 1741 588 1816 erat,
615 1747 780 1796 assumens
800 1733 884 1814 quod
904 1753 966 1816 non
985 1743 1070 1816 erat,
1096 1735 1247 1818 aequalis¹

88 1821 168 1901 patri
184 1820 355 1882 secundum
373 1818 575 1897 divinitatem,
596 1819 694 1880 minor
713 1819 793 1897 patri
814 1817 985 1880 secundum
1004 1820 1237 1900 humanitatem,
1307 1893 1308 1897 Ἰ

88 1907 209 1968 habens
230 1905 261 1966 in
281 1923 344 1965 una
363 1921 497 1982 persona
513 1902 640 1964 duarum
653 1909 837 1964 naturarum
856 1903 1122 1987 proprietates³J;
1141 1914 1248 1967 natu-·

89 2009 143 2052 rae
172 1990 254 2052 enim
279 1990 311 2050 in
337 1989 388 2050 illo
417 1987 515 2068 duae,
544 1987 624 2049 deus
650 1986 812 2067 ethome,
839 2004 902 2048 non
923 1996 1027 2050 autem
1047 1989 1108 2052 duo
1129 1987 1183 2050 filii
1204 1997 1238 2051 et

90 2075 132 2136 dii
158 2065 245 2155 duo,
266 2073 324 2135 sed
351 2071 434 2134 idem
449 2091 523 2134 -una
547 2090 683 2152 persona
708 2073 740 2132 in
765 2079 897 2152 utraque
923 2080 1049 2155 natura3
1077 2073 1238 2157 perferens

90 2161 270 2240 passionem
292 2166 325 2220 et
345 2166 474 2220 mortem
494 2175 549 2236 pro
570 2165 677 2218 nostra
697 2156 817 2238 salute,
846 2175 909 2218 uon
935 2157 966 2218 in
986 2159 1102 2220 virtute
1123 2159 1238 2221 divini-

90 2246 163 2306 tatis
184 2244 243 2306 sed
262 2241 338 2322 ἰν)
364 2243 540 2304 infirmitate
560 2242 776 2322 humanitatis,
803 2241 967 2304 descendit
989 2243 1029 2304 ad
1049 2245 1180 2328 inferos,
1201 2251 1249 2306 ut‘

90 2338 222 2393 sanctos.
243 2330 297 2410 qui
322 2328 435 2390 ibidem
462 2324 647 2388 tenebantur
674 2330 811 2406 erueret,
839 2325 1027 2408 devictoque
1047 2329 1155 2390 mortis
1175 2329 1250 2390 im-¹

89 2415 381 2495 perioresurnoxit3
402 2411 581 2492 assumptus
602 2411 715 2472 deinde
735 2411 767 2472 in
786 2411 893 2474 coelos
905 2409 939 2490 ⁵)
960 2420 1111 2474 venturus
1133 2421 1184 2474 est
1204 2413 1237 2474 in

88 2499 236 2578 futurot)
263 2498 304 2560 ad
329 2498 478 2578 judicium
498 2497 639 2558 vivorum
667 2503 700 2558 et
725 2503 929 2577 mortuorum,
959 2495 1049 2576 cujus
1076 2505 1184 2564 morte,
1203 2505 1238 2558 et

88 2585 243 2666 sanguine
276 2582 416 2644 mundati
448 2581 662 2642 remissionem
691 2587 892 2658 peccatorum
923 2583 1087 2643 consecuti
1118 2597 1237 2662 sumus,

88 2668 296 2732 resuscitandi
327 2669 366 2729 ab
398 2683 437 2727 eo
464 2667 495 2726 in
524 2664 575 2726 die
602 2664 774 2725 novissima
797 2665 829 2724 in
855 2682 895 2724 ea
916 2681 978 2744 qua
998 2683 1081 2727 nuno
1100 2665 1237 2726 vivimus
1289 2733 1293 2743 ¹

90 2773 184 2817 carne
204 2761 237 2814 et
257 2755 289 2814 in
310 2771 350 2814 ea
370 2769 432 2832 qua
452 2745 619 2811 resurrexit
639 2748 722 2810 idem
750 2748 892 2810 dominus
920 2750 1031 2830 forma,
1059 2749 1237 2830 percepturi

90 2839 230 2918 abipso,
252 2838 304 2898 alii
324 2855 379 2918 pro
396 2835 544 2916 justitiae
559 2833 679 2894 meritis
696 2828 794 2894 'vitam
815 2833 987 2914 aeternam,
1009 2833 1060 2895 alii
1080 2847 1238 2915 provpecz
1349 2839 1352 2843 “

89 2924 171 2987 catis
190 2923 333 3002 supplicii
354 2921 472 2982 aeterni
493 2919 689 2980 seutentiam.
730 2919 821 2979 Haec
849 2926 912 2995 est
928 2919 1102 2982 catholicae
1129 2919 1238 2981 eccle·-
1316 2998 1321 3005 N

89 3011 158 3071 siae
191 3007 297 3088 fides,
331 3007 413 3068 hanc
445 3004 673 3066 confessionem
704 3019 928 3086 conservamus
958 3011 1053 3084 atquc
1083 3012 1237 3086 tenemus,

90 3096 182 3176 quam
197 3091 339 3176 quisquis
355 3091 528 3188 firmissime
549 3089 732 3152 custodierit
751 3093 933 3170 perpetuam
954 3089 1091 3184 salutem¹
1103 3085 1253 3152 habebit&⁴

643 3226 673 3286 11

173 3315 254 3378 Post
273 3321 381 3378 rectae
400 3310 475 3376 fidei
495 3309 741 3390 confessionem,
770 3327 851 3390 quae
872 3309 904 3372 in
924 3310 1109 3376 sanctadei
1129 3310 1239 3374 eccle-

89 3401 140 3463 sia
158 3400 371 3481 praedicatur,
398 3397 531 3477 placuit,
559 3403 596 3456 ut
621 3413 731 3458 omnes
755 3395 955 3477 sacerdotes,
983 3397 1036 3478 qui
1062 3396 1238 3478 catholicae

88 3485 165 3547 fidei
191 3485 310 3544 unitate
336 3483 586 3561 complectimur,
612 3480 686 3542 nihil
712 3479 792 3542 ultra
818 3479 975 3542 diversum
1002 3489 1057 3544 aut
1076 3483 1238 3545 dissonum

88 3571 123 3632 in
150 3566 377 3628 ecclesiasticis
403 3565 607 3628 sacramentis
632 3581 780 3646 agamus,
806 3581 848 3628 ne.
868 3567 1034 3645 'quaelibet
1048 3575 1166 3630 mostra
1186 3567 1256 3630 di·,

87 3653 228 3714 versitas
248 3649 331 3730 apud
350 3651 476 3731 ignotos
496 3667 555 3712 seu
575 3651 716 3712 carnales
735 3649 916 3712 schismatis
926 3649 959 3730 a)
977 3669 1110 3714 errorem
1122 3651 1256 3714 videa-.

14 3805 19 3814 ,
88 3747 140 3799 tur
160 3735 345 3817 ostendere,
373 3743 406 3796 et
434 3733 538 3796 multis
559 3733 676 3796 existat
695 3735 728 3796 in
753 3733 934 3796 scandalum
960 3735 1098 3798 varietas
1126 3736 1253 3800 ecclc-¹
1338 3743 1344 3754 '

88 3825 213 3896 siarum.
253 3821 343 3883 Unus
363 3819 457 3902 igitur
477 3819 551 3882 ordo
572 3819 679 3880 orandi
699 3826 795 3899 atque
814 3817 966 3896 psallendi
986 3817 1050 3898 α’)
1069 3820 1160 3882 nobis
1179 3839 1256 3901 per.

88 3926 212 3984 omnem
236 3906 419 3986 Hispaniam
445 3911 542 3984 atque
562 3901 695 3984 Galliam
706 3901 740 3982 ⁹)
768 3911 989 3984 conservetur,
1015 3913 1098 3968 uuus
1124 3905 1259 3991 modus>

87 3993 121 4052 in
146 3993 309 4064 missarum
335 3989 602 4068 solemnitatibus,
632 4005 713 4049 unus
742 3987 774 4048 in
798 3989 988 4068 vespertinis
1014 3991 1236 4074 matutinisque

85 4073 218 4156 officiis,
244 4093 304 4140 nec
330 4075 456 4138 diversa
473 4075 516 4136 sit
535 4073 615 4136 ultra
635 4073 667 4136 iu
689 4072 780 4136 nobis
800 4073 1021 4138 ecclesiastica
1041 4073 1236 4139 consuetudo

81 4241 284 4261 *-

122 4343 152 4410 ι)
167 4346 317 4406 soporantes
333 4337 399 4394 Luc.
433 4326 469 4378 -'
501 4337 534 4406 ²)
551 4338 623 4390 solato
638 4345 723 4390 cutem
740 4337 777 4390 Μ.
805 4327 872 4390 blodo
886 4335 966 4398 Luc„
1000 4314 1044 4378 -'
1071 4337 1100 4406 ⁸)
1117 4315 1237 4408 pioppie-

153 4414 234 4460 lolem
250 4409 302 4484 Μ.δ
321 4437 357 4452 -
383 4407 421 4476 ,4)
439 4407 638 4471 tanmem,
657 4421 787 4462 nectero
805 4421 821 4457 a
839 4405 896 4458 cod.
915 4407 980 4460 Luc.
1015 4437 1051 4450 -
1087 4407 1116 4478 ὅ)
1134 4409 1237 4466 incoe-

119 4479 275 4614 0⁸?th
292 4507 343 4616 αἱ
350 4537 387 4600 Μ.
399 4477 472 4588 ipio
488 4475 740 4613 ''i'fflpffi'mss
758 4470 1015 4597 mipwpcd-ipmottcio
1032 4478 1061 4530 in
1073 4493 1112 4536 m.
1130 4476 1167 4529 Μ.
1200 4505 1235 4520 -
