2880 5050
222 215 292 295 Μ
480 219 723 298 cosmam
748 221 1019 298 minnistin
1037 223 1125 299 xvi.
1152 271 1156 278 -

222 389 536 465 mmmmm
560 387 765 483 Μή,
791 398 846 482 qm
872 407 925 464 act
950 413 1034 464 uuus
1059 396 1155 483 dens,
1179 389 1317 482 a'qna
1343 414 1395 466 nm

223 491 381 565 expetere
404 485 555 548 amauit
592 492 629 547 nt
662 483 751 567 digni
775 485 935 550 cadesim
959 503 1041 549 snas
1065 493 1215 567 pmnrss
1242 486 1392 548 existere

223 581 418 650 mamm,
442 568 556 654 proprii
581 570 646 632 cris
664 565 864 634 eordcssione
884 585 1078 652 mamantis,
1107 579 1142 634 et
1160 577 1289 654 utpote
1311 587 1393 634 nar·

224 653 283 716 tall
297 667 362 735 ora,
376 661 526 736 qnantum
542 655 613 736 ipse
629 651 760 735 jumeris
780 653 959 738 praclarg'ui
980 654 1105 718 laudum
1122 654 1273 740 insignia
1298 674 1391 736 praa·

223 738 378 818 cinnmns,
390 747 549 821 qautenus
566 739 738 802 universas
758 738 966 823 definitiones,
979 759 1061 822 quae
1081 749 1191 804 nostro
1213 739 1350 804 affectu
1361 739 1389 818 ¹)

223 823 386 886 untmlnt
417 821 544 910 due,
570 825 793 908 marpesiae
820 825 1024 890 fundamento
1054 824 1237 890 dunistsimo
1276 825 1388 888 incan-

221 909 338 974 valsas
362 905 536 1016 parsistpm
558 916 596 974 ct
616 907 761 991 institiae
784 911 894 975 robora
915 909 1069 976 sribnirrac
1088 912 1234 976 saesnl'm
1254 907 1384 980 induitis

307 1037 474 1142 Credimus
494 1084 530 1140 ct
550 1074 735 1146 cantitamus
754 1077 875 1159 etc‚²).

107 1257 111 1264 .
223 1201 228 1212 ’
306 1201 412 1270 Hu‘us
436 1199 554 1268 etenim
582 1198 655 1268 fidei
685 1203 824 1269 ecclesia
848 1212 965 1271 sancta
994 1203 1150 1268 catholica
1177 1203 1381 1288 baptismatis

223 1306 308 1374 aqua
333 1225 458 1372 ailuta,
486 1289 604 1356 Christi
629 1292 784 1376 sanguine
804 1287 942 1372 pretioso
963 1289 1141 1372 redempta,
1169 1308 1259 1372 quae
1279 1311 1379 1374 nequo

223 1375 256 1443 in
275 1369 339 1444 lide
365 1375 462 1438 habet
489 1394 599 1460 rugam
619 1395 722 1462 neque
742 1371 895 1442 maculosi
913 1374 1031 1458 perfert
1052 1375 1155 1458 operis
1175 1384 1302 1458 notam,
1326 1379 1377 1438 in-

222 1461 368 1548 signibus
387 1459 501 1542 pollet,
523 1459 690 1526 virtutibus
711 1459 787 1526 cluit
800 1453 854 1546 ³),x
873 1463 1038 1544 sanctique
1059 1461 1189 1542 spiritus
1211 1459 1299 1526 donis
1317 1479 1368 1522 re-

221 1545 304 1618 ferta
329 1553 493 1612 coruscat:
526 1563 608 1628 quaa
636 1545 731 1612 etiam
758 1565 830 1610 cum
857 1546 939 1610 Jesu
961 1545 1089 1610 Christo
1112 1545 1245 1610 domino
1272 1553 1372 1610 nostro

222 1631 330 1714 capite
364 1649 448 1714 suo,
486 1627 577 1712 cujus
610 1649 723 1714 corpus
755 1650 829 1694 csse
866 1649 1061 1714 nequaquam
1095 1629 1293 1716 ambigitur,
1328 1637 1375 1696 est

221 1714 399 1804 perenniter
419 1725 600 1802 regnatura,
615 1725 712 1800 atque
733 1735 842 1780 omnes
860 1715 913 1798 qui
931 1713 1067 1782 nuncin
1089 1735 1129 1778 ea
1147 1715 1281 1778 minime
1303 1735 1375 1782 con·

221 1800 340 1865 sistunt
361 1799 431 1865 sive
453 1799 650 1866 constiterint
671 1811 727 1866 snt
746 1805 786 1866 ab
808 1822 848 1864 ea
867 1810 1069 1866 recesserunt
1088 1801 1158 1864 sive
1180 1803 1374 1870 recesserint

222 1894 279 1962 aut
305 1897 445 1984 peccata
472 1885 504 1950 in
531 1906 572 1953 ea
598 1887 732 1953 relaxari
757 1885 947 1950 diffidentiae
975 1887 1057 1950 malo
1077 1887 1291 1970 negaverint,
1321 1883 1374 1948 nisi

219 1969 432 2052 poemtudinis
452 1991 513 2052 ope
535 1971 575 2034 ad
597 1990 666 2033 eam
688 1967 834 2036 redierint
854 1981 887 2034 et
908 1989 1071 2057 quaequae
1084 1969 1119 2050 ⁴)
1146 1967 1300 2036 Nrcacna
1320 1991 1376 2054 sy·

220 2055 323 2118 nodus
350 2055 507 2118 servanda
533 2055 690 2137 decrevit,
718 2053 1083 2136 constantinopolitanus
1112 2065 1297 2119 conventus
1317 2077 1374 2118 ve-

219 2137 322 2205 nerari
357 2139 512 2220 instituit,
549 2136 703 2222 Ephesini
739 2141 827 2222 primi
866 2139 989 2204 concilii
1021 2141 1168 2224 amplecti
1198 2141 1374 2206 auctoritas

219 2225 326 2291 sanxit
351 2232 449 2308 atque
475 2223 676 2294 Chalcedone
700 2234 880 2290 sanctorum
906 2225 1093 2294 unarrirnitas
1112 2225 1165 2288 vel
1185 2227 1374 2308 reliquorum

218 2309 418 2400 conciliorum
452 2309 522 2374 sive
553 2309 648 2379 etiarn
678 2311 813 2374 omnium
837 2311 1059 2376 venerabilium
1087 2321 1211 2392 patrum
1239 2309 1280 2377 in
1314 2313 1373 2376 lida

218 2404 333 2468 sancta
357 2389 446 2461 'recte
472 2395 646 2464 viventium
676 2396 782 2460 edicta
811 2395 962 2462 custodiri
995 2394 1214 2480 praecipiunt,
1250 2399 1374 2480 absquo

219 2479 323 2564 aliquo
345 2479 514 2547 dubietatis
533 2501 636 2550 naevo
658 2501 721 2544 non
741 2480 943 2564 crediderint,
969 2491 1140 2564 perpetuae
1163 2479 1373 2549 damnationis

218 2565 377 2636 sententia
395 2566 585 2632 ulciscentur
605 2577 702 2654 atque
722 2565 755 2630 in
775 2567 837 2628 line
858 2567 978 2632 saeculi
998 2586 1072 2630 curn
1093 2566 1215 2630 diabolo
1238 2565 1373 2651 eiusque

217 2653 317 2722 sociis
355 2649 524 2736 ignivomis
563 2649 649 2734 rogis
683 2653 909 2716 cremabuntur.
970 2653 1112 2716 Sanctae
1144 2652 1263 2714 etenim
1299 2649 1374 2716 fidei

217 2733 400 2820 mysterium
433 2737 495 2808 oris
530 2739 628 2800 nostri
668 2737 868 2802 confessione
904 2735 1105 2818 pandentes,
1140 2735 1181 2798 ad
1219 2738 1371 2820 capitula,

217 2839 299 2907 quaa
326 2821 365 2884 ob
395 2819 591 2902 disciplinam
618 2823 867 2890 eeclesiasticam
892 2841 1058 2903 moresque
1090 2823 1172 2887 male
1201 2821 1372 2888 errantium

217 2905 451 2988 componendos
476 2905 658 2970 necessaria
683 2917 781 2990 sunt,
809 2904 1023 2975 unanimitatis
1052 2916 1178 2970 nostrae
1205 2905 1372 2975 articulum

215 2989 391 3076 flectamus,
403 2999 437 3056 et
450 3010 531 3074 quae
545 2999 718 3074 opportuna
738 3001 812 3056 sunt
830 2990 968 3056 decretis
989 2989 1135 3073 capitulis
1149 2989 1321 3058 definimus
1331 2993 1371 3076 ⁶).

298 3159 392 3224 Licet
420 3159 452 3222 in
485 3156 743 3224 condemnatione
770 3158 919 3244 perfidiae
954 3159 1145 3224 ludaeorum
1180 3179 1370 3226 numerosae

110 3240 115 3247 ’
214 3244 410 3333 antiquorum
436 3253 558 3328 patrum
586 3243 762 3309 sententiae
784 3266 823 3310 ac
843 3247 935 3328 leges
955 3247 1171 3328 promulgatae
1195 3245 1370 3330 nitescant,

215 3324 321 3404 manen
343 3333 425 3414 quia,
446 3340 482 3396 ut
502 3331 686 3414 prophetale
704 3330 929 3411 vaticiniuml)
950 3339 1075 3412 propter
1096 3347 1203 3394 eorum
1223 3330 1368 3396 duritiam

213 3423 337 3500 narrat,
370 3425 539 3502 peccatum
565 3416 672 3480 Judae
699 3419 850 3498 scriptum
876 3424 928 3489 est
956 3417 1041 3499 stylo
1069 3415 1169 3478 ferreo
1197 3416 1230 3478 in
1259 3435 1368 3500 ungue

214 3497 430 3582 adamantino,
451 3500 546 3582 super
566 3509 686 3583 petram
706 3500 845 3564 duriores
864 3499 975 3564 effecti
993 3499 1026 3562 in
1048 3499 1268 3564 obstinationis
1286 3521 1368 3566 suaa

85 3601 94 3612 '
214 3581 372 3662 caecitate
398 3585 576 3668 perdurant.
617 3585 705 3647 Satis
731 3595 782 3649 est
808 3587 1028 3668 conspicuum,
1053 3594 1089 3648 ut
1110 3584 1287 3650 catholicae
1311 3606 1367 3650 ec-

213 3670 332 3756 clesiae
359 3689 466 3734 murus
495 3669 649 3734 machinis
674 3668 869 3736 infidelitatis
897 3689 1003 3733 comm
1023 3671 1162 3743 crobrius
1181 3679 1366 3752 proteratur,

212 3775 276 3842 quo
295 3763 357 3833 *aut
385 3753 510 3820 tandem
537 3753 731 3840 corrigantur
756 3757 844 3818 inviti
864 3765 920 3817 ant
939 3752 1044 3818 valide
1065 3756 1114 3818 sic
1129 3754 1163 3834 l)
1192 3762 1366 3820 atterantur

213 3860 256 3926 px
272 3837 391 3903 domini
409 3841 442 3904 in
460 3851 623 3906 aeternum
646 3839 765 3921 judicio
793 3838 930 3922 perituri.
968 3841 1053 3908 Nam
1073 3841 1241 3922 peritorum
1263 3839 1364 3902 medi·

184 3941 319 3996 foornm
345 3933 397 3988 est
420 3926 616 3990 consuetudo
636 3922 816 4008 laudabilis,
842 3933 879 3987 ut
905 3926 1010 4008 aegris
1037 3923 1231 3988 diversarum
1255 3926 1364 4010 ¹aegri-

210 4005 381 4082 moniarum
401 4005 604 4076 incommodis
623 4009 834 4086 laborantibus
853 4009 1027 4074 studiosius
1048 4009 1194 4074 medendi
1215 4018 1284 4074 arto
1306 4029 1365 4072 oc·

212 4095 469 4180 currantuuoad
497 4115 599 4187 usque
626 4095 739 4162 salutis
759 4095 914 4171 medelam
935 4093 1088 4180 recipiant
1103 4095 1148 4180 ⁸).
1189 4091 1364 4174 Quinimmo

249 4313 278 4383 1)
293 4277 387 4378 illecta
402 4313 441 4368 M.
481 4339 518 4352 -
558 4312 588 4380 ²)
611 4314 776 4366 Rccemctur
798 4312 907 4368 uberior
922 4309 987 4366 fidei
1004 4309 1152 4377 confessio,
1168 4328 1256 4382 ‚uuam
1267 4312 1365 4377 ppajsi·

280 4399 349 4437 mus.
395 4411 432 4424 -
484 4381 513 4450 θ)
538 4384 633 4434 camir
649 4383 684 4436 Τ.
700 4385 740 4449 2.,
764 4384 845 4436 claret
861 4385 899 4448 Μ.
942 4411 979 4424 -
1028 4381 1059 4450 ⁴)
1077 4397 1187 4454 mutaque
1202 4383 1242 4436 M.
1278 4411 1316 4426 -

1105 4443 1109 4450 v

247 4451 439 4522 spaeflatamas
454 4446 493 4504 bl·
510 4474 546 4496 ⁴-
571 4447 713 4520 oseam.
721 4453 764 4520 17,
774 4455 800 4507 1.
822 4481 859 4499 ν-
882 4451 914 4520 ’)
925 4453 1116 4518 vnldm'iffl‘t
1131 4451 1179 4519 fla
1193 4451 1282 4518 ”mi
1295 4453 1364 4522 *ψ

216 4575 219 4580 ,
279 4517 453 4662 imm?
466 4517 709 4642 ἔοις-ΜΝ.
749 4549 784 4566 -
831 4521 985 4594 rtrum:
1006 4523 1167 4614 amusos
1184 4522 1363 4592 -muua
