2912 5060
210 221 275 294 294
485 225 725 292 cusentum
746 223 1016 304 rotumum
1036 223 1091 288 ΙΧ.

211 397 391 478 ecclesiae,
426 397 517 479 eujus
543 418 595 461 res
623 417 698 461 esse
723 399 877 480 patescit,
904 406 958 460 aut
986 395 1074 458 alteri
1102 393 1283 474 ecclesiae,
1320 395 1380 456 cui

212 483 361 563 elegerit,
388 484 529 546 conferre
550 484 741 565 decreverit,
769 492 803 546 et
825 485 942 548 licitum
964 479 1152 560 maricam,
1180 487 1215 542 et
1240 481 1379 542 irrevo-

211 568 313 632 cabile
332 567 423 632 robur
443 568 512 649 ejus
534 572 693 632 sententia
712 571 802 635 ferat.

296 769 465 850 Propinqui
490 771 650 833 morientis
681 773 823 854 episcopi
847 771 922 834 nihil
950 769 1110 832 derebus
1138 765 1208 847 ejus
1240 769 1376 850 absque

212 855 441 936 metropolitani
463 855 642 938 cognitione
663 876 813 938 usurpare
834 863 1053 938 praesumant3
1082 853 1213 935 quodsi
1235 854 1287 935 is,
1317 855 1374 934 qui

211 941 391 1018 recess1t²)
420 941 675 1022 metropolitanus
702 943 811 1022 fucrit,
840 943 953 1004 haeres
975 939 1044 1020 ejus
1066 948 1121 1002 aut
1141 955 1371 1003 successorem

212 1027 294 1088 illius
326 1034 382 1088 aut
410 1027 574 1088 concilium
602 1028 770 1090 sustinebit
781 1027 814 1107 8)
821 1072 831 1108 ,
860 1047 900 1088 ne
926 1027 1045 1107 passim
1073 1023 1280 1088 haereditatis
1308 1024 1372 1086 ad-

212 1111 334 1174 eundae
362 1109 436 1174 data
463 1111 604 1194 licentia,
633 1112 673 1174 de
699 1115 793 1175 rebus
819 1113 977 1176 ecclesiae
1005 1119 1060 1174 aut
1086 1129 1148 1172 non
1169 1107 1369 1187 reddatur⁴l

209 1199 289 1259 ratio
310 1197 403 1276 plena
424 1205 478 1258 aut
498 1197 583 1258 fraus
604 1198 709 1278 non⁵)
725 1198 901 1260 inveniatur
921 1199 1023 1259 illata:
1043 1195 1126 1280 quod
1147 1196 1174 1256 si
1196 1196 1368 1277 presbyter

211 1290 267 1344 aut
294 1281 444 1344 diaconus
470 1283 577 1363 fuerit,
607 1301 687 1364 quos
714 1285 831 1348 obiisse
853 1283 1045 1364 constiterit,
1072 1301 1132 1342 nou
1154 1281 1224 1342 sine
1246 1282 1366 1362 cogni-

208 1369 295 1430 tione
323 1368 372 1430 oui
398 1368 541 1449 episcopi
567 1387 631 1430 rem
653 1367 722 1450 ejus
742 1369 930 1432 haeredibus
948 1368 1033 1432 adire
1053 1365 1168 1430 licebit.
1211 1361 1365 1446 Quisquis

209 1469 288 1517 sane
309 1461 383 1533 post
404 1455 485 1516 haec
510 1462 725 1537 transgressor
752 1455 900 1517 inventus
928 1453 1081 1533 extiterit,
1108 1471 1163 1533 pro
1184 1449 1252 1532 his,
1275 1469 1358 1530 quae

209 1559 271 1600 non
295 1547 463 1620 expectato
485 1538 547 1601 hoc
571 1541 677 1603 ordine
698 1540 825 1624 adierit,
853 1539 1026 1604 invasionis
1046 1537 1159 1602 damno
1180 1536 1266 1620 legis
1284 1555 1364 1598 sen-

209 1625 329 1687 tentiae
352 1624 535 1706 subjacebit.

295 1811 332 1873 si
353 1811 504 1874 sacerdos
524 1811 577 1872 vel
598 1809 800 1891 ministerl),
829 1809 902 1871 dum
922 1809 1134 1896 gubernacula
1155 1806 1362 1870 ecclesiarum

210 1893 425 1959 administrare
446 1894 646 1976 videntur'),
668 1904 776 1958 contra
796 1903 918 1978 patmm
940 1893 1157 1958 sanctissimas
1178 1894 1362 1955 sanctiones

211 1980 251 2044 de
272 1983 366 2044 rebus
386 1981 544 2042 ecclesiae
567 1979 716 2041 definisse
738 1982 842 2062 aliqua
863 1979 1065 2064 dignoscatur
1076 1978 1126 2062 ⁸),
1152 1998 1214 2041 uon
1236 1999 1280 2040 ex
1301 1980 1360 2058 die,

210 2083 272 2146 quo
293 2067 369 2128 talia
389 2065 552 2127 scribendo
574 2065 776 2146 decrevit'),
803 2063 861 2128 sed
882 2085 924 2128 ex
945 2085 1005 2148 quo
1028 2065 1102 2128 talia
1121 2063 1280 2126 moriendo
1302 2065 1361 2126 de-

210 2149 298 2212 linita
325 2149 529 2230 reliquit10),
556 2151 786 2230 supputationis
813 2149 887 2212 ordo
915 2152 1079 2213 substabit.
1126 2149 1358 2232 Nunquam¹¹)

210 2235 325 2296 etenim
351 2237 465 2316 poterit
492 2235 532 2297 ad
562 2235 744 2303 tricennium
771 2235 919 2316 temporis
944 2237 1099 2318 pertinere
1118 2236 1186 2298 vita
1206 2235 1285 2298 irrite
1299 2232 1356 2314 ju-

210 2320 428 2401 dicantis12),
456 2323 528 2402 quia
555 2331 660 2384 status
689 2330 906 2384 contractuum
930 2323 1018 2385 initia
1039 2325 1107 2402 :non
1128 2320 1296 2404 assumpsit
1314 2319 1353 2382 ab

209 2406 328 2490 origine
351 2407 527 2490 aequitatis.

755 2510 809 2570 lX.

292 2592 454 2675 Plerique,
482 2592 553 2661 dum
576 2595 691 2674 rapinis
713 2594 829 2654 inhiant
851 2599 968 2654 utnon
991 2591 1124 2673 debent,
1153 2599 1208 2655 aut
1227 2589 1360 2652 misera-

210 2677 303 2738 tionis
330 2697 411 2759 opus
439 2677 595 2762 condigne
623 2699 685 2740 non
706 2680 834 2759 implent
856 2687 910 2740 aut
931 2677 1068 2740 indebita
1089 2677 1149 2758 ipsi
1169 2677 1360 2738 miserationi

210 2761 322 2825 damna
352 2765 550 2844 permiscent.
612 2765 751 2845 ideoque
782 2784 822 2825 ne
854 2763 986 2844 amplius
1016 2763 1248 2824 misericordiae
1280 2779 1359 2842 opus

209 2848 386 2912 execrabile
413 2849 565 2911 dilabatur
591 2849 622 2910 in
650 2850 773 2931 scelus,
802 2849 834 2910 id
862 2849 1016 2912 communi
1043 2848 1170 2912 decreto
1192 2847 1361 2927 sancimus,

208 2943 245 2995 ut
266 2952 336 2996 cum
358 2933 537 3016 pontificem
558 2935 635 2998 mori
656 2936 839 3018 contigerit,
869 2937 1054 3017 episcopua,
1081 2933 1135 3016 qui
1165 2933 1206 2996 ad
1226 2933 1361 2994 human-

209 3019 281 3082 dum
301 3038 415 3099 corpus
436 3017 505 3100 ejus
528 3019 700 3100 advenerit,
722 3019 888 3099 descriptis
909 3021 1065 3082 thesauris
1086 3029 1181 3101 atque
1202 3017 1359 3080 domorum

207 3105 336 3166 internis
350 3104 420 3186 13),
442 3107 470 3166 si
491 3107 631 3188 locuples
653 3105 837 3167 decedentis
860 3105 998 3167 ecclesia
1018 3106 1124 3186 fuerit,
1145 3123 1207 3166 non
1228 3103 1360 3184 amplius

209 3209 302 3272 quam
323 3191 430 3252 libram
454 3193 519 3253 auri
537 3193 569 3252 in
591 3191 683 3253 rebus
710 3191 823 3274 quibus
843 3189 874 3250 ei
900 3191 1071 3272 placuerit,
1098 3191 1244 3272 exceptis
1267 3208 1360 3250 orna-

208 3278 323 3338 mentis
358 3277 536 3358 ecclesiae,
570 3295 641 3338 cum
678 3278 780 3362 gratia
813 3274 1009 3337 offerentium
1045 3276 1167 3338 auferre
1193 3282 1359 3356 pertentet.

208 3362 246 3424 Si
277 3381 353 3422 vero
385 3363 483 3425 minor
511 3365 604 3428 rebus
634 3363 789 3443 extiterit,
823 3361 977 3423 dimidiam
1007 3361 1113 3424 libram
1143 3361 1202 3422 sibi
1231 3361 1361 3422 licenter

208 3455 356 3527 usurpet:
378 3457 498 3509 namet
520 3449 601 3510 hacc
622 3449 692 3528 ipsa
712 3466 860 3526 usurpare
882 3449 959 3508 ratio
981 3447 1064 3510 nulla
1081 3448 1284 3528 permitteret,
1301 3444 1359 3506 nisi

208 3530 287 3614 ejuS,
310 3532 362 3612 qui
384 3533 540 3614 convenit,
562 3533 735 3594 sacerdotis
755 3529 883 3616 injuriae
906 3533 1169 3614 contemplatione
1190 3531 1358 3612 antiquitas

207 3617 268 3680 hoc
296 3635 355 3678 usu
384 3616 522 3696 actast)
549 3628 721 3680 servasset.
784 3619 878 3679 Porro
906 3619 1034 3680 brevem
1052 3617 1105 3696 15)
1133 3617 1356 3697 descriptamm

206 3721 306 3764 rerum
329 3703 387 3764 sub
407 3702 491 3764 fideli
512 3703 662 3764 relatione
675 3704 728 3781 ιθ)
750 3703 841 3785 idem,
863 3703 916 3784 qui
937 3703 1115 3784 descripsit,
1136 3703 1270 3786 dirigere
1291 3719 1356 3762 me-

205 3789 389 3868 tropolitano
420 3791 555 3851 curabit:
593 3789 848 3871 metropolitanus
875 3797 981 3853 autem
1002 3807 1043 3850 ex
1067 3788 1178 3850 eadem
1199 3783 1353 3852 morientis

213 3946 411 3964 m

244 4041 271 4108 ¹)
290 4040 363 4090 licito
379 4045 497 4090 armacani
513 4036 541 4087 in
560 4055 593 4088 m.
607 4039 649 4112 M.
691 4069 725 4076 -
774 4042 803 4107 ²)
822 4041 956 4090 recesserit
979 4038 1016 4090 M.
1056 4067 1091 4077 -
1141 4039 1170 4108 ⁸)
1194 4038 1314 4090 homodeo
1331 4073 1358 4090 ..

279 4108 437 4160 sustinebam:
453 4109 490 4160 M.
519 4137 554 4145 -
588 4111 618 4175 4)
635 4109 761 4158 retiaculo
792 4112 820 4161 in
838 4125 873 4160 m.
890 4109 926 4159 M.
961 4137 997 4148 ·-
1034 4109 1063 4177 ὅ)
1081 4109 1110 4159 In
1126 4108 1159 4160 A.
1178 4108 1282 4161 delicit:
1299 4125 1357 4160 corr.

242 4179 433 4300 ⁶)teoee1qldotcs
449 4178 620 4314 oeloqriqistri
644 4179 699 4299 Μ.ῑ
716 4205 751 4259 7-
802 4178 1041 4301 tpwaa'aelecctcrlIpll.
1076 4205 1111 4298 ἷ-
1156 4178 1359 4300 ⁸)tdipupctou·

290 4265 321 4300 ar
371 4277 448 4298 .-
558 4263 688 4300 ocrcoemm
721 4263 800 4298 rnrn.
849 4286 855 4302 .
900 4277 935 4287 —
1051 4262 1288 4300 retractatu.
1324 4278 1359 4290 —

226 4319 274 4386 Η)
292 4334 413 4384 rrrmqncm
430 4320 466 4370 M.
507 4345 542 4356 —
585 4317 633 4383 12)
652 4333 774 4385 :nosquam
792 4319 883 4371 etenim
903 4319 937 4369 orl
955 4248 1231 4384 triariicmicmpcrie
1247 4317 1359 4386 pertiae-

277 4389 315 4438 br't
336 4389 410 4438 inite
434 4387 479 4437 boc
498 4387 639 4453 jmlicootis
662 4391 689 4440 in
708 4404 742 4438 ιιι.
761 4387 797 4438 M.
823 4419 858 4430 —
885 4388 928 4440 cf.
953 4403 1026 4440 conc.
1051 4387 1308 4443 claromonten.
1332 4393 1359 4439 et

276 4459 363 4510 'l'olet
382 4457 425 4510 lV.
444 4473 466 4508 c.
481 4457 523 4508 at.
576 4484 611 4492 —-
662 4463 710 4524 1³)
729 4463 802 4525 atque
820 4459 974 4510 canonicatis
992 4458 1106 4511 omatibus
1122 4452 1150 4508 in
1169 4475 1202 4510 m.
1220 4458 1256 4510 M.
1291 4484 1325 4494 -

224 4526 272 4592 ¹⁴)
290 4531 388 4578 rutardo
411 4527 440 4578 in
463 4533 551 4590 textu,
578 4533 702 4592 :serapam
729 4525 757 4577 in
780 4544 813 4578 m.
838 4529 876 4582 M.
928 4556 962 4568 -
1023 4527 1072 4596 ¹³)
1096 4523 1167 4578 breue
1192 4527 1255 4602 ibid.
1289 4553 1323 4564 -

224 4597 272 4663 Η)
291 4599 390 4648 rctioae
410 4597 447 4647 M.
483 4625 517 4634 —
