2916 5050
413 281 634 351 CONCiLlUM
654 284 936 362 suauissima.
1195 291 1259 362 itt

105 469 159 522 tus
178 455 212 522 iu
234 451 363 522 cirtem
382 457 488 538 coepit
506 455 684 542 exordium,
712 458 926 544 placueritque
945 469 1070 543 prepter
1090 474 1258 548 cumgen-

105 553 159 608 tes
186 543 334 622 plurimas
361 561 495 624 causas,
524 561 606 626 quae
626 545 659 606 in
679 544 845 628 aliquantis
864 565 927 610 uon
947 555 1036 610 orant
1055 565 1173 612 causae
1198 550 1257 614 sed

105 630 256 710 crimine,
292 637 329 690 ut
360 625 401 692 de
428 635 534 694 cetero
561 629 727 692 solicitudo
755 639 845 693 esset
868 631 1035 712 unicuique
1063 633 1095 696 in
1119 635 1258 720 ecclesia

105 732 211 778 curam
242 711 420 794 hujusmodi
452 713 592 795 habere,
624 715 719 778 sicuti
745 715 908 796 apostolus
933 715 1092 796 praedicat
1119 719 1257 786 Paulus:

108 799 218 863 Talem
238 799 299 862 deo
319 798 487 862 scamium
507 799 725 878 eebibendam,
748 820 813 862 aon
834 800 1000 864 debentem
1019 801 1176 866 maculata
1197 812 1257 869 aot

101 905 218 970 rogam
232 883 266 964 ¹)
272 929 283 966 ,
310 904 351 948 ue
373 904 430 966 per
450 883 582 965 alicujus
602 885 761 948 morbidae
781 884 920 948 afflatum
940 886 1011 948 ovis
1026 885 1062 966 2)
1087 891 1256 954 conscien-

103 973 151 1034 tia
170 977 279 1033 nostra
305 971 528 1034 contaminata
541 968 708 1033 videreun.
749 967 823 1049 Qua
845 970 950 1034 de're
975 971 1149 1053 meliora⁸J
1176 993 1262 1038 con·-

105 1057 176 1120 silio
197 1053 230 1117 id
251 1053 333 1118 sedit
352 1065 480 1137 propter
499 1073 556 1118 eos
576 1055 736 1138 maxima,·
760 1056 814 1138 qui
838 1056 871 1119 in
895 1058 1055 1136 praesenti
1075 1059 1255 1124 valetudine

104 1140 245 1222 corporis
265 1148 319 1202 aut
338 1140 453 1204 fessae
465 1141 580 1204 aetatis
600 1153 700 1204 causa
719 1139 836 1204 adesse
855 1141 980 1204 nuiuime
997 1149 1175 1226 patuerunt,
1192 1163 1255 1228 que

102 1224 301 1308 perpetno⁴J
321 1225 501 1290 istiusmodi·
516 1226 614 1288 t'orma
633 1233 793 1308 servetur,
814 1221 922 1296 literas
941 1227 1023 1296 tales
1043 1226 1118 1292 dara'
1129 1229 1256 1313 ¹>pie-

22 1317 26 1322 '
99 1311 186 1392 cuit,
207 1329 270 1374 nou
291 1323 373 1392 quae
391 1331 476 1375 nova
494 1319 665 1393 praecepta
683 1312 790 1393 aliqua
806 1311 974 1394 imperant,
993 1311 1053 1374 sed
1072 1313 1185 1395 quibus
1205 1335 1254 1399 ca,

101 1415 186 1478 quae
206 1414 264 1476 per
283 1396 442 1478 ignaviam
454 1396 669 1479 desidiamque
688 1398 858 1478 aliquorum
878 1397 1026 1475 neglecta
1043 1399 1172 1480 eunti),
1194 1401 1255 1464 ob-

55 1489 58 1493 '
101 1483 224 1545 servari
239 1483 412 1564 cupiamus,
426 1501 508 1565 quae
521 1490 628 1544 temen
642 1482 817 1563 apostolice
837 1489 872 1544 et
890 1489 1013 1563 patrum
1032 1483 1254 1550 constitutione

101 1575 179 1630 sunt
199 1567 369 1629 constituta
388 1569 473 1631 sicut
492 1568 641 1648 scriptum
662 1575 733 1630 est:
760 1565 857 1630 State
878 1571 912 1630 et
932 1573 1040 1629 tenete
1060 1568 1253 1636 traditiones

102 1658 232 1714 nostrae
245 1654 313 1714 eice
316 1673 378 1734 per
387 1654 513 1716 verbam
524 1656 592 1716 siue
600 1673 664 1736 per
674 1651 841 1735 eprietolom
851 1650 896 1730 i).
925 1651 1004 1714 iilud
1015 1662 1102 1717 certa
1114 1663 1253 1719 vestram

102 1737 201 1800 debet
220 1746 373 1820 mentem,
394 1732 585 1802 dilectissimi
605 1741 730 1820 fratros,
749 1737 969 1800 vehementius
988 1747 1138 1801 excutere
1152 1739 1197 1822 ⁸),
1217 1749 1254 1804 ut

101 1823 143 1885 ab
174 1825 257 1884 orurri
287 1825 358 1886 labe
388 1825 488 1888 seculi
518 1825 610 1886 istius
644 1825 797 1885 immunes
828 1822 996 1904 securique
1027 1823 1068 1886 ad
1095 1823 1147 1886 dei
1172 1843 1261 1890 con··
1325 1879 1327 1883 ,

99 1916 246 1988 spectum
268 1911 440 1972 veniamus.
479 1911 553 1974 Nec
572 1910 655 1971 enim
669 1907 703 1988 ⁸)
730 1909 844 1971 erimus
870 1908 1039 1990 immunes,
1068 1909 1122 1990 qui
1135 1909 1191 1989 ¹⁰)
1218 1919 1252 1976 et

100 2011 286 2077 praesumus
312 1995 471 2076 plebibus,
499 2013 571 2058 cum
596 1995 746 2074 scriptum
766 1995 828 2058 sit:
850 1992 925 2056 'Oai
943 1991 1077 2054 maltuco
1097 1995 1252 2058 meditem

94 2081 216 2160 firmi,
241 2079 315 2162 plna
336 2079 506 2142 abeodem
525 2076 785 2162 requestam).
832 2077 921 2161 Ergo
948 2079 1092 2158 quoniam
1112 2097 1176 2141 non
1195 2099 1252 2161 pro

100 2167 191 2234 nobis
212 2173 347 2247 tantum,
369 2164 429 2228 sed
448 2183 504 2245 pro
525 2165 640 2246 popula
661 2163 779 2227 credito
800 2161 1002 2243 cogimur12)
1022 2171 1184 2243 praestare
1199 2184 1253 2228 ra·

99 2250 235 2332 tionem,
262 2251 411 2332 populum
437 2250 632 2332 disciplinam
657 2248 802 2312 deificam
828 2257 863 2311 et
887 2247 1032 2310 humilem
1050 2247 1104 2328 ¹⁸)
1132 2249 1252 2314 erardire
1301 2285 1305 2292 ·

100 2334 262 2398 debemus.
300 2336 480 2398 Extiterunt
507 2337 590 2398 enim
615 2335 767 2416 nonnulli,
796 2334 850 2416 qui
874 2340 1006 2406 statuta¹
1020 2331 1170 2414 majorum
1190 2354 1252 2398 uon
1357 2361 1361 2370 ·

101 2426 249 2482 tenentes
270 2414 448 2484 castitatem
467 2421 625 2484 ecclesiae
645 2420 898 2500 praesumptione
913 2419 1083 2500 violarunt,
1103 2419 1252 2502 volupta—
1302 2417 1308 2428 “

101 2512 167 2567 tem
184 2503 239 2582 Η)
264 2506 367 2586 populi
393 2515 582 2589 sequentes,
611 2503 662 2566 dei
685 2503 836 2588 judicium
863 2521 926 2569 nou
952 2503 1117 2566 timentes.⁴
1145 2505 1252 2589 Ergo,

101 2609 145 2651 ne
163 2589 239 2669 'pari
265 2592 341 2651 mori
366 2593 491 2654 silentio
517 2590 686 2656 connivere
706 2593 801 2671 atque
822 2587 970 2652 adimere
989 2595 1178 2654 consensum
1199 2600 1253 2652 ta·

100 2675 183 2737 libus
204 2673 380 2759 videamur,
400 2676 483 2739 uude
504 2677 671 2760 gehennae
689 2691 811 2756 poenas
830 2671 989 2754 possimus
1007 2673 1179 2756 incurrere,
1199 2674 1252 2739 di·

98 2769 192 2822 cente
226 2759 370 2824 domino:
407 2761 524 2824 norem
556 2759 688 2824 videbas
717 2766 750 2821 et
777 2757 924 2822 currebas
952 2771 1023 2819 mea
1042 2771 1087 2821 ¹eo
1117 2764 1151 2820 et
1180 2779 1251 2824 meu

99 2844 255 2908 adulteris
270 2849 454 2928 portionem
474 2855 563 2909 tuom
578 2842 795 2928 ponebae¹⁵).
835 2843 1035 2924 Haecsunt,
1056 2859 1139 2926 quae
1159 2845 1251 2908 dein-

98 2947 178 3012 ceps
196 2931 308 2992 iutuitu
324 2931 420 2995 divini
431 2931 540 3012 judicii
555 2949 665 2992 omnes
680 2927 855 2991 catholicos
866 2926 919 3008 Ν)
941 2927 1069 3008 expedit
1084 2930 1251 2994 custodita

83 3033 89 3042 ·
184 3016 208 3082 1,
237 3016 281 3080 Ut
302 3025 393 3080 extra
413 3017 637 3080 conscientiam
656 3011 746 3078 sedis
766 3014 959 3094 apostolicae
980 3014 1042 3077 boc
1063 3022 1115 3076 est
1133 3016 1252 3096 prima·

98 3101 141 3166 tis
162 3117 253 3163 nemo
275 3101 392 3166 audeat
412 3102 560 3165 ordinare.
602 3103 762 3182 Integrum
789 3100 871 3162 anim
894 3097 1043 3179 judicium
1070 3106 1139 3181 est,
1166 3100 1251 3184 quod

96 3185 293 3270 plurimorum
312 3188 471 3250 sententia
491 3191 701 3267 consequatur
715 3183 779 3262 ¹¹¹).
1050 3265 1054 3272 Ι
1085 3191 1088 3200 ’

182 3271 221 3334 11.
252 3273 325 3334 Nec
340 3271 395 3352 18)
415 3269 497 3336 unus
517 3273 687 3353 episcopus
708 3270 891 3348 episcopum
911 3265 1052 3330 ordinare
1071 3277 1251 3346 praesumat

21 3423 23 3434 ,
96 3364 223 3437 propter
242 3358 535 3444 arrogantiam,.ue
562 3357 708 3419 firrtivum
729 3351 914 3414 beneficium
934 3351 1117 3431 praestitum
1137 3352 1251 3418 videa-

98 3448 156 3510 tur.
196 3440 270 3504 Hoc
293 3444 375 3504 cuim
395 3443 427 3506 in
447 3441 570 3526 synodo
590 3441 735 3505 Nicaena
756 3445 881 3500 constat
901 3455 978 3500 esse
997 3435 1165 3526 definitum.
1226 3473 1229 3480 ·

183 3525 235 3590 111.
264 3528 359 3607 item,
387 3529 414 3588 si
441 3529 512 3608 quis
537 3535 611 3606 post
637 3524 851 3586 remissionem
870 3530 1071 3602 peccatorum
1092 3523 1250 3606 ciugrdum

96 3603 226 3671 miiitiae
245 3611 398 3673 secularis
416 3612 576 3694 babuerit,
606 3609 646 3672 ed
667 3610 783 3672 clerum
804 3607 924 3670 admitti
943 3627 1006 3670 non
1027 3607 1131 3672 debet.

181 3692 238 3756 1v.
270 3695 312 3757 Ut
328 3698 486 3778 mulierem
498 3697 531 3759 id
546 3704 597 3758 est
611 3692 738 3757 viduam
754 3692 888 3756 clericus
904 3711 966 3754 non
981 3691 1077 3755 ducat
1090 3710 1228 3758 uxorem.

48 3837 51 3844 ,
114 3862 125 3924 l
182 3777 223 3854 V‚
256 3779 299 3843 Ut
320 3782 364 3864 is,
393 3784 446 3866 qni
471 3783 570 3849 laicus
596 3779 723 3844 viduam
750 3777 889 3858 duxerit,
916 3795 978 3838 nou
1000 3775 1184 3842 'admittatur
1209 3777 1263 3850 ad

94 3881 219 3926 cerum.

93 4001 292 4021 ...ιι-

132 4097 161 4167 Ι)
178 4098 275 4168 lipbet.
293 4101 327 4168 5,
346 4103 390 4154 27.
420 4129 455 4144 --
490 4103 586 4172 ²)pro
603 4103 663 4154 elic.
680 4100 762 4154 neceb.
782 4096 995 4164 sebastiensi).
1030 4109 1066 4135 ··-·
1101 4092 1131 4161 ¹)
1149 4094 1250 4146 meliert·

106 4191 108 4198 .
165 4167 283 4239 cnsp.
317 4199 354 4212 -
388 4169 657 4240 cameracus.
691 4197 728 4212 -
762 4166 964 4236 spem-tan.
1000 4193 1036 4204 -
1071 4161 1250 4245 ‘tuocum

165 4255 230 4291 aooo
246 4243 398 4308 praeformat
416 4241 611 4310 [moesefemot
627 4236 679 4308 De]
706 4237 752 4292 sed
764 4239 827 4307 ,quta
843 4235 907 4304 potia
925 4237 1067 4303 aliquotam
1085 4235 1187 4298 epoooic
1204 4248 1249 4314 ere-

160 4309 244 4375 pleotc
261 4318 320 4362 sunt
340 4311 455 4381 C.Hiep.
473 4339 509 4351 ·—-
545 4313 574 4381 ¹)
591 4311 714 4364 2'i'bese.
732 4311 759 4374 2,
778 4307 821 4360 14.
838 4333 874 4346 ··-
909 4303 939 4371 ¹)
956 4307 1072 4368 sociisve
1089 4303 1120 4356 0·
1131 4305 1166 4356 H·
1177 4306 1204 4356 0⁸
1221 4317 1249 4353 ¹¹¹

164 4395 246 4444 urarg.
256 4380 353 4434 Mansi.
371 4409 407 4422 »-
443 4379 533 4448 ”loeo
549 4385 616 4434 euriae
633 4381 697 4432 ibid.
714 4406 750 4419 -
775 4377 825 4443 ¹⁰)
835 4378 895 4443 qao
911 4375 945 4426 D.
958 4383 983 4426 et
995 4375 1072 4430 deest
1087 4372 1168 4424 iuAE.
1179 4377 1206 4423 et
1215 4372 1248 4423 D.

125 4449 259 4515 ¹¹)Luc.
278 4451 328 4512 12,
347 4450 391 4504 48.
427 4479 462 4492 --
505 4445 864 4519 1¹)copttamrwcciiiep:
891 4471 926 4486 -··
967 4441 1248 4512 affectuositate
1311 4489 1315 4502 .

163 4519 253 4582 deifica
269 4519 389 4572 tantilem
407 4520 438 4572 C.
448 4520 482 4572 H.
506 4545 541 4560 -·
574 4521 624 4588 Ν)
641 4521 795 4571 uoluntatem
813 4515 889 4568 C.H.
913 4541 948 4554 -—
982 4514 1030 4578 ¹¹)
1050 4513 1092 4564 Ps.
1103 4510 1148 4573 49,
1159 4511 1247 4562 18.»-

89 4617 93 4638 ι
125 4588 175 4654 ¹⁵)
192 4589 331 4640 catholicoe
348 4586 528 4659 episcopati).
547 4589 623 4658 Hisp.
720 4584 769 4649 ι’1)
786 4583 945 4648 omtenpdtur
963 4583 994 4634 C.
1011 4583 1048 4634 li.
1065 4608 1100 4620 -
1117 4577 1248 4630 eeatmtiie
1361 4595 1365 4608 ·

162 4658 328 4721 corfirmetur
345 4659 428 4714 Haud.
471 4689 506 4700 -
555 4657 604 4727 lt)
624 4659 664 4709 No
682 4657 713 4708 C.
732 4653 806 4721 Hiop.
843 4679 877 4692 -
917 4693 921 4702 ‚
