2916 5050
1146 171 1282 269 'ui

153 501 451 584 coNcmlum
485 501 950 628 CAR'I'HAGiNENSE
983 503 1185 582 PRIMUM

373 639 581 708 rnnnonn
604 639 755 706 nunni
782 640 926 708 onnon
942 641 976 722 ι)

13 901 19 938 ’
94 896 199 1018 Cum
221 938 342 1006 Gratus
364 943 536 1024 episcopus
558 941 819 1028 Carthaginensis
835 943 869 1024 ²)
890 945 922 1006 in
944 945 1074 1008 concilio
1096 957 1250 1007 unacum

93 1036 232 1120 collegis
253 1035 321 1100 suis
342 1035 542 1102 consedisset
557 1035 608 1119 ³),
631 1044 664 1100 et
685 1038 738 1118 qui
759 1057 801 1099 ex
822 1036 956 1099 diversis
973 1037 1142 1119 provinciis
1162 1037 1250 1098 Afri-¹
1343 1101 1344 1106 ,
1419 1035 1424 1052 ’

94 1123 185 1187 canis
222 1119 264 1181 ad
296 1119 519 1206 Carthaginem
554 1131 785 1204 convenerunt,
818 1122 927 1185 Felice
946 1123 981 1202 4)
1019 1121 1187 1202 Bajanensi
1204 1120 1250 1204 5),

94 1205 323 1270 Fortunatiano
341 1205 488 1286 Raptano
503 1206 547 1290 ⁰),
569 1207 744 1272 Crescente
758 1207 903 1292 Vagensi
915 1207 958 1291 1),
980 1209 1166 1272 Vindiciano
1182 1183 1251 1272 im-

95 1291 273 1357 cobrioensi
286 1287 336 1372 Β),
357 1291 556 1356 Abundantic
577 1293 796 1375 Adrumetino,
823 1294 951 1357 Privato
971 1295 1190 1377 Vegesilitano
1205 1292 1250 1376 ⁹),

95 1378 277 1444 Gaudentio
291 1375 478 1441 Tusdritano
494 1375 559 1462 ¹⁰),
580 1379 717 1442 Patricio
731 1379 878 1441 Sincensi
891 1377 945 1458 ¹⁴¹)
967 1377 1081 1457 Quieto
1097 1379 1250 1458 Uticensi,

95 1465 232 1528 Rumulo
253 1463 442 1526 Tebestensi
456 1461 527 1546 ¹²),
557 1473 590 1527 ot
611 1461 741 1545 ceteris,
762 1481 891 1546 quorum
910 1482 1022 1526 manus
1042 1464 1248 1545 continentur,

96 1551 183 1612 idem
197 1545 317 1613 Gratus
331 1549 500 1630 episcopus
516 1547 608 1612 dixit:
632 1547 760 1612 Gratias
772 1549 841 1610 Deo
853 1548 1057 1630 omnipotenti
1075 1557 1108 1610 et
1123 1547 1269 1620 Christos

97 1638 194 1716 Jesu,
213 1635 264 1716 qui
285 1631 372 1696 dedit
390 1635 481 1698 maiis
501 1633 724 1699 schismatibus
738 1632 791 1714 ¹³)
812 1633 904 1696 finem
926 1643 959 1698 et
980 1633 1120 1715 respexit
1141 1633 1250 1696 eccle-

97 1723 181 1784 siam
213 1737 322 1803 suam,
360 1728 396 1782 ut
426 1721 458 1784 in
488 1717 557 1802 ejus
584 1717 735 1804 gremium
766 1721 902 1802 erigeret
933 1721 1080 1784 universa
1113 1719 1251 1802 membra
1283 1789 1286 1798 ,

11 1803 37 1862 ι’
98 1807 258 1888 dispersa,
287 1806 340 1886 qui
366 1805 529 1886 imperavit
553 1805 789 1888 religiosissimo
811 1803 1017 1868 Constantino
1030 1802 1085 1883 Η)
1115 1806 1251 1885 impera·-
1349 1831 1363 1858 a

98 1894 169 1974 tori,
190 1899 226 1952 ut
245 1900 353 1952 votum
374 1899 500 1973 gereret
519 1892 648 1954 unitatis
670 1898 703 1953 et
720 1890 858 1952 mitteret
874 1892 1033 1953 ministros
1053 1891 1156 1954 sancti
1171 1909 1251 1970 ope-

99 1979 144 2040 ris
164 1975 296 2040 famulos
317 1973 369 2038 dei
389 1975 521 2056 Paulum
548 1985 582 2041 ct
601 1975 783 2039 Macarium.
825 1975 886 2039 Dei
907 1995 984 2060 ergo
1003 1984 1081 2038 nutu
1095 1974 1149 2053 ι1)
1170 1994 1250 2038 con-

10 2079 12 2146 j
100 2063 227 2146 gregati
247 2059 289 2124 ad
309 2061 474 2143 unitatem,
504 2072 540 2126 ut
565 2081 621 2146 per
641 2061 785 2125 diversas
805 2061 982 2142 provincias
1003 2061 1136 2126 concilia
1162 2061 1250 2129 cele-

99 2151 261 2211 braremus·
282 2155 315 2208 et
335 2147 501 2209 universae
521 2150 702 2230 provinciae
723 2147 850 2210 Africae
871 2147 1019 2226 hodierna
1032 2145 1086 2226 ιο)
1108 2146 1159 2210 die
1171 2164 1251 2213 conf

102 2235 204 2298 cilium
232 2233 335 2314 gratia
353 2231 414 2294 Dei
435 2233 659 2318 Carthaginem
678 2229 883 2312 veniret¹⁷Jr
914 2233 998 2294 unde
1023 2231 1252 2295 consideranti-

103 2322 161 2382 bus
180 2319 273 2381 vobis
293 2335 364 2380 cum
385 2335 456 2380 mea
476 2321 689 2383 mediocritate
712 2326 882 2381 tractentur
901 2319 982 2380 tituli
1002 2319 1188 2400 necessarii,
1210 2315 1251 2380 do
1342 2363 1343 2366 ,

9 2451 13 2478 ,
97 2405 214 2487 ‹quibus
235 2421 371 2465 necesso
393 2412 443 2466 est
458 2424 516 2467 nos
527 2423 681 2468 memores
694 2413 930 2484 praeceptorum
943 2405 1115 2466 divinorum
1137 2412 1170 2465 et
1181 2421 1251 2465 ma-

102 2489 223 2574 gisterii
244 2489 414 2550 divinarum
436 2491 654 2571 scripturarum
667 2485 732 2570 ¹⁹),
754 2491 1002 2569 contemplantes
1018 2489 1147 2550 unitatis
1168 2496 1251 2550 tom-
1355 2509 1359 2520 ⁵

101 2594 176 2660 puS,
203 2574 236 2638 id
258 2573 298 2637 dc
318 2574 451 2656 singulis
473 2575 609 2658 definire,
631 2572 715 2658 quod
734 2590 795 2636 nec
816 2573 977 2657 Carthago
998 2575 1140 2656 vigorem
1166 2573 1251 2655 legis

101 2662 266 2744 infringat,
293 2678 355 2724 neo
374 2668 479 2724 tamen
500 2669 639 2744 tempore
664 2658 794 2722 unitatis
820 2658 935 2742 aliquid
959 2658 1154 2722 durissimum
1180 2665 1252 2721 sta·

9 2735 10 2818 i
99 2759 233 2812 tuamus.

139 2965 168 3034 ¹)
185 2965 279 3036 Incipit
299 2965 442 3016 Concilium
461 2959 660 3027 Cortbopioeme
677 2961 723 3013 seb
740 2962 836 3014 Sancto
857 2963 955 3028 Grato,
978 2967 1006 3016 ct
1026 2962 1066 3017 sic
1090 2964 1187 3032 passim
1204 2979 1252 3032 ap-

171 3037 292 3103 pellatur,
309 3033 428 3102 inprimis
446 3029 613 3085 aFerrando
631 3029 658 3082 in
669 3031 837 3084 Breviatione
850 3031 996 3084 Canonom.
1013 3058 1049 3069 -
1073 3034 1149 3086 Cone.
1163 3031 1251 3084 Carth.

172 3106 284 3171 primurm
310 3107 389 3158 XLV
408 3105 583 3171 cpiscoporum
607 3100 692 3153 Codd.
715 3102 792 3170 Hisp.
821 3101 849 3153 in
873 3101 981 3170 Colloct.
1006 3101 1073 3154 Can.
1098 3120 1153 3156 ecc.
1174 3102 1253 3170 Hisp.

171 3174 283 3239 Matriti,
301 3176 379 3228 1808.
403 3203 439 3214 ·-
466 3174 525 3225 Hoc
542 3169 681 3230 concilium
698 3171 862 3224 emendatior
880 3171 963 3224 edidit
975 3169 1130 3225 Hohrtenios
1147 3189 1181 3225 ex
1200 3174 1253 3224 Va·
1304 3171 1329 3248 ἰ

172 3243 266 3298 tioania
291 3245 427 3298 codicibus
448 3250 475 3295 ct
498 3259 532 3294 ex
550 3257 582 3294 eo
599 3240 695 3294 iterum
717 3243 849 3294 Labbeus.
891 3241 950 3294 Hoc
967 3240 1037 3294 idem
1054 3249 1146 3310 postes
1162 3253 1253 3294 ernen-

164 3315 246 3376 ¹davit
262 3315 417 3368 Harduinus
443 3329 477 3365 ex
493 3329 542 3364 ms.
561 3317 712 3378 pervetusto
731 3311 830 3375 Colleg.
848 3308 932 3364 Paris.
948 3312 1009 3363 Soc.
1025 3311 1088 3380 Jesu
1112 3320 1138 3366 at
1154 3329 1189 3364 ex
1205 3327 1254 3366 va-

171 3384 218 3436 riis
242 3385 419 3449 lectionibus,
451 3399 516 3451 quas
545 3380 606 3432 olim
632 3381 666 3432 ad
695 3398 755 3434 eum
782 3381 865 3433 Roma
890 3380 1034 3434 transmisit
1057 3383 1091 3435 D.
1124 3383 1252 3449 Emonnei

171 3453 346 3520 Schelstraie,
368 3456 505 3522 decerptas
517 3468 551 3502 ex
565 3467 611 3501 ms.
626 3450 717 3504 codice
729 3455 758 3504 S.
774 3449 910 3504 Laurentii
921 3451 1074 3518 Escurialis,
1091 3469 1157 3521 quas
1173 3453 1252 3505 etiam

172 3541 268 3590 magna
292 3542 326 3576 ex
349 3531 423 3593 parte
442 3521 595 3575 Holstenius
606 3527 649 3590 „et
662 3523 788 3574 ¹Lnbbeus
811 3522 894 3574 secuti
912 3527 973 3573 sunt
995 3539 1029 3573 ex
1046 3523 1098 3578 alio
1116 3524 1262 3584 Vaticano„

172 3596 228 3647 Nos
246 3595 379 3646 Hoisienii
403 3593 545 3645 editionem
569 3607 628 3643 cum
651 3591 766 3645 editione
783 3591 913 3644 Harduini
938 3591 1093 3645 contulimus
1116 3591 1253 3648 adnotavi-

174 3680 285 3730 musque
304 3663 349 3731 (io
366 3662 514 3730 irrurpice),
535 3663 564 3713 in
588 3661 683 3728 quibus
701 3665 809 3716 alteram
833 3663 867 3712 ab
889 3661 1140 3724 alteradiscrepare
1156 3663 1262 3730 delire·-

172 3733 319 3788 hendimus.
342 3733 438 3786 Mansi-
473 3761 509 3772 -
551 3729 580 3796 ²)
602 3731 764 3798 Corthcpiois
781 3730 865 3782 eodd.
883 3729 961 3797 Hisp.
995 3756 1031 3768 -
1071 3730 1099 3797 ³)
1117 3733 1252 3784 resedisset

173 3807 204 3855 A.
224 3809 250 3854 et
267 3804 297 3856 E.
333 3833 369 3843 -
409 3801 439 3869 4)
463 3804 493 3854 In
511 3799 596 3864 Codd,
613 3803 645 3852 A.
661 3801 693 3854 u.
714 3802 746 3852 U.
764 3799 797 3852 G.
816 3800 924 3852 nomina
940 3797 1123 3867 episcoporum
1143 3801 1171 3852 in
1189 3816 1252 3854 casu

175 3870 333 3926 nominativo
353 3877 439 3926 locata
455 3877 524 3923 sont.
568 3899 603 3908 -
650 3869 678 3936 ⁵)
699 3871 869 3924 Bizoceceosi
889 3868 918 3922 in
936 3885 1018 3934 nrarg.
1036 3871 1130 3924 Menai.
1166 3901 1201 3910 -

141 3943 170 4006 0)
192 3941 347 4008 Capsitrrmrs
365 3941 539 4009 Codd.Hisp.
572 3942 734 4006 Romptcour
743 3939 848 3991 Merlin.
872 3968 907 3980 -
944 3938 972 4005 1)
990 3943 1115 4006 Ripensis
1132 3942 1163 3993 C.
1173 3939 1251 4009 Hisp.

144 4005 179 4078 ⁸)'
195 4013 320 4064 Vindicius
336 4011 523 4064 lrrrcribrrcecsis
546 4008 577 4061 C.
594 4008 671 4076 Hisp.
712 4010 887 4078 Locubojcrrse
895 4048 905 4075 ,
930 4009 1102 4065 Sucrrdoccosi
1123 4010 1152 4063 in
1168 4024 1252 4075 marg.

175 4077 269 4132 Massi.
303 4112 337 4122 -
379 4083 407 4149 ⁹)
426 4080 623 4149 Bojeisciiturrirs
642 4077 672 4130 C.
689 4078 766 4148 Hisp.
800 4106 835 4116 —
874 4077 924 4143 10)
950 4081 1208 4134 Turrciumaiiioosis·
1220 4081 1252 4132 C.

174 4147 252 4218 Hisp.
289 4152 435 4218 Turjriirroo,
456 4147 733 4216 (firmemnartheciam·
752 4149 781 4201 in
798 4165 881 4214 marg.
899 4149 995 4202 Marsi.
1030 4180 1065 4192 -·
1099 4151 1147 4218 1¹)
1165 4153 1252 4217 Epar-

175 4221 229 4270 tr'rrs
246 4218 358 4269 Siccosia
375 4221 406 4273 C.
423 4220 498 4289 Hisp.
534 4218 661 4286 Eporchio
676 4221 787 4272 Siccensi
805 4217 1029 4284 inrnarg.Mansi.
1064 4247 1099 4259 --
1132 4220 1254 4287 1²)1m·

173 4289 259 4344 rutilus
279 4288 424 4342 ibhcoiirrru
441 4289 472 4344 C.
491 4290 568 4358 Hisp.
607 4315 642 4324 -
686 4290 734 4356 1³)
755 4291 832 4342 neniis
849 4291 993 4342 schismatis
1010 4289 1045 4342 Τ.
1062 4291 1132 4342 1.·2.
1167 4319 1203 4330 -

137 4360 185 4427 Η)
207 4359 359 4410 Constantio
377 4359 408 4411 C.
424 4361 501 4430 Hisp.
517 4365 622 4428 praeter
639 4359 753 4423 T.1.2,
771 4360 921 4414 etMerlin.
943 4388 979 4398 -
1013 4359 1060 4425 ¹⁵)
1077 4358 1181 4412 Eordoi
1193 4375 1253 4426 erpo
1352 4391 1355 4400 ι

170 4437 234 4482 orriri
253 4427 338 4480 Codd.
356 4427 431 4498 Hisp.
465 4457 501 4466 -—
540 4434 589 4494 1⁶)
607 4427 726 4480 hodimmo
744 4429 776 4481 C·
792 4429 868 4499 Hisp.
905 4459 940 4468 -
981 4430 1029 4496 ¹¹⁷)
1048 4429 1150 4482 concilii
1165 4431 1254 4495 procia

170 4499 205 4551 cd
228 4499 317 4554 Curti.
334 4499 461 4552 ueniretur
481 4499 512 4552 C.
531 4497 607 4566 Hisp.
641 4495 799 4552 accinctio
819 4498 1012 4562 marcomiri.
1047 4527 1082 4538 -
1122 4499 1171 4564 ¹⁸)
1187 4499 1253 4548 scri-
1336 4515 1340 4523 ·

168 4578 304 4636 priorarum
323 4577 469 4622 suricinium
488 4569 519 4620 C.
538 4567 615 4636 Hisp.
652 4595 686 4605 —
731 4627 734 4634 ¹
