2928 5044
203 271 259 310 xu

205 425 279 492 tum
312 439 362 494 ex
395 413 519 492 ordine
550 416 810 518 provinciarum
841 423 913 490 tum
945 439 994 492 ex
1026 415 1152 498 ordine
1188 421 1363 520 temporis

207 518 459 619 disposuimus.
508 519 667 594 Nonnisi
699 517 736 592 in
768 519 930 594 conciliis
953 519 1133 595 ecclesiae
1159 520 1362 622 Hispanae,

207 631 367 695 veterem
400 619 560 718 ejusdem
586 645 758 696 canonum
784 620 1030 697 collectionem
1053 621 1181 716 secuti,
1207 624 1363 698 concilia

208 721 342 816 omnia,
376 746 466 818 quae
497 722 533 796 in
566 724 654 800 urbe
679 722 858 797 Toletana
889 730 973 797 sunt
998 723 1138 818 habita,
1168 747 1191 798 a
1222 725 1361 800 ceteris

208 821 465 923 separavimus.
514 822 597 898 Jam
622 847 711 899 veno
737 849 840 921 quum
863 821 1102 898 difficillimum
1126 831 1239 917 esset,
1263 826 1362 900 inte-

207 947 310 1022 gram
348 945 519 1017 canopum
558 924 810 1000 Africanorum
850 947 1062 1025 componere
1101 925 1361 1020 collectionem,

208 1049 354 1124 quorum
383 1050 469 1126 pars
502 1024 614 1100 altera
643 1052 665 1100 a
696 1024 900 1126 Dionysio,
933 1025 1045 1101 altera
1077 1025 1113 1100 in
1147 1027 1362 1103 collectione

208 1127 374 1227 Hispana
400 1124 503 1202 nobis
529 1127 658 1202 tradita
682 1135 764 1202 est:
799 1127 1018 1227 propositum
1043 1134 1167 1202 tamen·
1184 1128 1288 1202 finem
1313 1151 1360 1203 eo

208 1253 277 1304 nos
316 1236 507 1306 assecutos
549 1245 636 1306 esse
675 1253 883 1329 speramus,
922 1235 962 1303 ut
999 1225 1165 1305 Concilia
1199 1226 1361 1304 Cartha-

209 1329 376 1428 ginensia
401 1332 428 1404 l.
465 1330 513 1404 11.
550 1331 615 1406 lll.
648 1330 716 1407 1v.
753 1338 790 1406 et
823 1330 1047 1430 Telepteose
1084 1355 1106 1407 e
1145 1330 1362 1406 collectione

209 1432 375 1532 Hispana
412 1441 679 1533 repeteremus,
720 1441 825 1532 atque
863 1431 1082 1506 Breviarimn
1121 1432 1360 1533 Hipponense

209 1555 279 1610 nec
304 1557 374 1608 non
398 1532 572 1609 Codicem
596 1534 777 1610 ecclesiae
801 1532 997 1608 Africanae
1017 1534 1194 1631 integrum
1219 1533 1359 1632 adjice-

210 1659 340 1710 remus.
374 1635 538 1710 Tabolae
563 1638 599 1710 in
625 1636 800 1710 line-libri
826 1633 1012 1735 appositae
1031 1638 1134 1736 (pag.
1150 1633 1357 1730 395-404)

211 1736 481 1828 collectionibus
521 1738 579 1812 his
611 1737 704 1812 inter
735 1762 778 1813 se
810 1736 1057 1836 comparandis
1090 1761 1249 1830 omnem,
1288 1761 1359 1834 qua

210 1861 302 1939 opus
336 1846 418 1934 cst,
449 1838 564 1914 lucem
595 1841 754 1914 afferent.
811 1837 893 1928 Qua
923 1837 970 1913 de
999 1863 1040 1914 re
1072 1838 1270 1913 uberiorem
1299 1837 1360 1938 qui

210 1939 394 2036 desiderat
422 1938 701 2016 informationem
727 1940 765 2014 in
789 1938 852 2014 illo
877 1940 1029 2040 optimae
1054 1947 1159 2016 notae
1183 1940 1274 2014 libro
1298 1939 1359 2013 in-

210 2041 354 2116 veniet:
400 2039 446 2118 G.
478 2043 525 2116 l).
558 2042 740 2135 F'uclrs,
781 2041 985 2116 Bibliothek
1017 2041 1083 2117 der
1109 2041 1360 2142 Kirclrepver-

211 2144 457 2242 sammlungen
486 2141 552 2218 des
585 2145 652 2219 lv.
683 2143 754 2217 und
788 2144 837 2219 V.
869 2143 1134 2218 Jahrhunderts
1164 2142 1203 2216 in
1237 2141 1358 2217 Uber-

211 2253 414 2344 setzungen
430 2245 502 2320 und
514 2248 718 2344 Ausntigen
735 2243 1361 2344 ausihrenAkten(Lipsia01783.

211 2347 368 2440 droun,
395 2351 498 2444 cnjus
523 2373 608 2448 pars
634 2347 774 2422 tertia
793 2347 987 2422 Africanas
1008 2346 1165 2422 continet
1184 2343 1359 2446 synodos

314 2445 554 2524 Conciliorum
592 2450 766 2541 onmium,
802 2473 894 2546 quae
924 2448 969 2522 ad
1002 2454 1161 2523 nostrum
1193 2453 1361 2548 spectant

212 2574 328 2651 opus,
360 2549 470 2626 index
502 2552 777 2650 chronologicus
810 2554 913 2650 (pag.
936 2550 1030 2644 408)
1064 2571 1222 2625 canones
1254 2547 1360 2623 simul

211 2651 362 2746 indicat,
395 2678 484 2752 quas
512 2654 549 2727 in
581 2653 742 2730 secunda
766 2652 872 2750 hujus
897 2650 1085 2727 voluminis
1111 2659 1210 2750 parte
1236 2673 1359 2725 sumus
1434 2643 1439 2660 ’

211 2753 368 2847 edituri,
397 2755 614 2853 eandemque
641 2755 736 2829 haud
768 2755 878 2851 longo
908 2753 1078 2853 temporis
1104 2752 1220 2852 spatio
1244 2751 1359 2824 inter·

205 2860 308 2956 jecto
335 2857 530 2956 perfectum
554 2856 616 2951 iri,
649 2882 751 2954 quam
775 2855 948 2930 maximae
973 2853 1076 2931 nobis
1096 2851 1165 2928 erit
1188 2875 1307 2928 curae.

254 3009 476 3111 Scripsimus
493 3001 1358 3110 carolini,o.1a.m.nnartiimn000xxx1x.
