2912 5060
333 238 606 336 ..cuneorum
626 237 973 316 memmenni
1182 243 1249 316 asa

91 416 185 484 nibus
199 413 415 498 scriptumest
430 413 596 484 mathema
611 411 699 478 danti
710 423 744 478 et
758 415 925 502 accipienti
935 414 978 496 ι).
1018 415 1154 482 Proinde
1173 419 1247 500 q'ni-

91 523 228 586 cumque
249 503 385 580 Simonis
406 503 541 564 imitator
561 502 760 564 Simonianae
787 519 912 584 quoque
939 503 1080 565 haeresis
1107 505 1248 586 extiterit

91 600 211 670 auctor,
231 596 267 650 ut
283 587 569 650 ecclesiasticorum
587 585 727 650 ordinum
743 588 861 670 gradus
875 607 939 650 non
956 589 1109 671 dignitate
1128 609 1247 656 morum

91 677 242 755 obtineat,
263 673 322 736 sed
342 692 501 734 munerum
524 673 718 753 impensione
739 675 901 754 conquirat
921 681 954 734 et
974 693 1031 753 per
1051 675 1156 737 oblata
1175 695 1248 738 mue·

91 781 168 826 nera
187 760 302 840 capiat,
325 760 437 840 quibus
458 759 542 822 huno
562 776 625 820 neo
645 759 773 820 rationis
796 758 870 822 ordo
891 776 952 820 neo
972 759 1111 842 dignitas
1127 779 1246 824 morum

91 847 154 908 ulla
167 843 364 906 commendat
377 842 421 925 ²),
441 844 513 905 talis
526 844 673 906 iuventus
689 861 847 908 sacrorum
864 843 1002 906 ordinum
1023 846 1132 925 apices
1153 848 1248 927 peni·-

90 941 144 995 tus
157 930 290 1010 adipisci
310 929 394 992 nullo
415 927 508 990 modo
528 926 738 1011 permittatur3
760 929 819 992 sed
839 930 868 992 si
889 938 924 992 et
934 927 967 1007 ³)
990 929 1123 1010 adeptus
1143 932 1247 1013 fuerit,

92 1016 310 1082 communione
336 1015 477 1095 privatus
507 1032 579 1076 cum
603 1013 828 1076 ordinatoribus
848 1015 916 1078 suis
935 1015 1124 1095 propriorum
1144 1018 1248 1079 bono-

92 1122 160 1166 rum
183 1100 351 1162 amissione
372 1099 544 1180 damnetur,
569 1101 642 1181 quia
662 1119 725 1162 non
744 1119 800 1181 pro
821 1119 926 1162 amore
948 1100 1000 1162 dei
1019 1101 1078 1164 sed
1098 1121 1154 1184 pro
1176 1121 1248 1166 am-

92 1188 210 1250 bitione
231 1186 357 1248 honoris
377 1194 536 1248 tonsuram
556 1185 741 1264 suscepisse
761 1195 933 1250 noscuntur
943 1186 978 1266 ⁴)
1038 1241 1040 1246 .

178 1356 286 1436 Saepe
303 1351 349 1436 fit,
371 1362 407 1416 ut
427 1351 607 1436 proprietati
628 1354 756 1438 originis
778 1353 911 1418 obsistat
929 1355 1142 1439 longinquitas
1163 1364 1249 1420 tem-

92 1442 199 1524 poris3
224 1449 412 1522 quapropter
431 1440 634 1521 providentes
654 1439 866 1521 decernimus,
895 1449 931 1502 ut
952 1443 1092 1522 quisquis
1113 1443 1248 1508 clerico·¹

92 1547 161 1590 nrm
180 1527 233 1588 vel
254 1527 381 1588 aliarum
391 1552 396 1558 ·“
403 1527 609 1606 quarumlibet
627 1545 827 1607 personarum
837 1525 871 1605 ⁵)
892 1527 1079 1606 stipendium
1094 1525 1134 1588 de
1153 1529 1249 1592 rebus

94 1612 252 1674 ecelesiae
275 1609 498 1692 cujuscumque
520 1611 661 1691 episcopi
682 1610 879 1692 pereipiat⁸)
901 1613 1064 1694 largitate,
1091 1613 1150 1674 sub
1171 1633 1251 1693 pres

94 1699 199 1760 cariae
219 1697 343 1758 nornine
364 1695 478 1759 debeat
497 1697 724 1776 professionem
744 1698 895 1777 scribere,
917 1706 952 1758 ut
972 1717 1033 1760 nec
1053 1717 1109 1777 per
1130 1700 1250 1760 tentio-

94 1801 168 1845 nem
181 1781 214 1851 ⁷i
230 1780 403 1844 diuturnam
421 1781 642 1862 praejudicium
664 1781 775 1844 afferat
796 1783 964 1864 ecclesiae,
982 1791 1015 1844 et
1031 1801 1249 1864 quaecumque

93 1871 126 1930 in
147 1887 239 1928 usum
260 1869 436 1947 perceperit
465 1867 580 1930 debeat
608 1868 724 1929 utiliter
754 1868 915 1950 laborare,
942 1876 978 1929 ut
997 1888 1058 1930 nec
1079 1888 1131 1930 res
1152 1869 1249 1932 divini

87 1954 168 2035 juris
195 1952 361 2014 videantur
380 1953 414 2030 8)
445 1950 549 2033 aliqua
576 1956 745 2018 occasione
773 1954 914 2035 negligi,
947 1961 981 2014 et
1008 1951 1180 2016 subsidium
1208 1955 1248 2017 ab

93 2039 231 2102 ccclesia
261 2037 313 2101 cui
334 2038 516 2100 deserviunt
536 2039 697 2118 percipere
726 2040 850 2119 possint
862 2038 996 2120 'clerioi3
1025 2039 1108 2118 quod
1130 2041 1249 2122 siquis

93 2144 200 2201 eorum
220 2125 443 2206 contempserit
462 2125 584 2206 facere,
603 2125 674 2206 ipse
694 2142 732 2188 se
754 2123 909 2205 stipendio
930 2143 988 2186 suo
1008 2123 1164 2190 videbitur
1182 2126 1250 2208 pri-

93 2229 170 2274 vare
184 2208 229 2287 ⁹).
388 2246 397 2260 .
610 2243 616 2250 -
1071 2234 1073 2238 ¹

644 2293 692 2360 Vl

93 2391 100 2398 '
179 2379 333 2442 Proclivis
353 2399 466 2444 cursus
488 2387 541 2444 est
562 2380 603 2446 ad
622 2339 819 2460 voluptatem
832 2380 886 2462 10)
902 2347 1004 2460 ct¹¹i
1016 2380 1169 2444 imitatrix
1186 2401 1248 2446 na·

96 2473 167 2528 tura
186 2466 350 2548 vitiorum3
377 2468 576 2547 quamobrem
606 2467 714 2547 quiqui
738 2468 873 2530 virorum
894 2468 948 2529 vel
973 2468 1134 2530 mulierum
1156 2468 1249 2530 habi·-
1353 2531 1357 2546 .

95 2560 163 2612 tum
190 2551 289 2612 semel
314 2551 470 2614 induerint
498 2553 551 2614 vel
579 2551 745 2616 induerunt
766 2551 820 2630 ¹²)
852 2561 1026 2633 spontanee
1057 2553 1249 2635 religiosum,

70 2637 152 2699 'aut
179 2637 207 2698 si
235 2636 283 2698 vir
309 2637 435 2700 deditus
462 2637 621 2702 ecelesiae
649 2637 744 2702 choro
769 2638 823 2698 vel
850 2639 985 2700 foemina
1011 2637 1104 2700 fuerit
1125 2638 1250 2716 autli)

96 2721 156 2784 fuit
184 2721 325 2804 deligata
352 2723 523 2802 puellarum
550 2724 757 2786 monasterio:
778 2723 810 2784 in
829 2733 962 2805 utroque
983 2741 1066 2784 sexu
1085 2725 1250 2802 praevari-

95 2817 183 2872 cator
209 2807 251 2868 ad
277 2809 470 2888 propositum
490 2807 608 2870 invitus
629 2809 745 2873 reverti
766 2819 917 2892 cogatur,
947 2817 984 2870 ut
1004 2809 1052 2869 vir
1071 2808 1250 2872 detondea-

95 2903 161 2974 tur,
183 2900 218 2954 et
237 2894 343 2972 puella
363 2894 553 2956 monasterio
574 2893 804 2976 redintegretur
816 2894 880 2975 Ν).
923 2893 960 2956 Si
980 2901 1087 2955 autern
1111 2897 1250 2976 quolibet
1340 2914 1344 2922 ’

94 2979 268 3058 patrocinio
289 2978 469 3041 desertores
490 2998 672 3059 permanere
692 2981 867 3062 voluerint,
896 2979 1086 3042 sacerdotali
1115 2989 1252 3046 senten-

96 3063 143 3126 tie
161 3064 207 3124 ita
229 3060 269 3122 de
290 3061 536 3128 Christianorum
558 3073 652 3128 coetu
671 3064 845 3130 habeantur
866 3074 1025 3144 extorres,
1052 3072 1088 3126 ut
1116 3086 1178 3129 neo
1198 3067 1251 3128 lo·-

96 3147 182 3210 cutio
210 3165 283 3208 cum
312 3147 360 3208 eis
387 3150 449 3212 ulla
475 3151 518 3212 sit
545 3151 796 3230 communis¹⁵).
837 3151 962 3214 Viduae
989 3167 1134 3232 quoquc,
1165 3152 1254 3216 sicut.
1321 3152 1323 3162 '

97 3233 284 3296 universalis
311 3229 379 3312 jam
410 3233 527 3296 dudum
557 3236 672 3298 statuit
702 3234 845 3318 synodus
858 3235 932 3316 ¹⁶),
962 3232 1167 3314 professionis
1195 3235 1251 3300 vel

95 3319 223 3383 habitus
244 3317 294 3381 sui
315 3318 507 3384 desertrices
525 3320 676 3402 superiori
696 3323 857 3386 sententia
877 3319 1131 3384 condemnentur.

180 3487 336 3566 Quamvis
354 3489 456 3570 priora
475 3508 632 3572 nunquam
653 3490 795 3554 siluerint
814 3490 854 3554 de
875 3490 973 3554 tantis
994 3487 1249 3570 facinoribusff)
1319 3496 1341 3510 “

96 3575 250 3653 concilia,
278 3575 357 3634 ratio
388 3583 495 3636 tamen
521 3577 642 3657 poscit,
668 3584 705 3638 ut
727 3596 782 3657 ca,
810 3595 891 3658 quae
910 3577 1067 3658 frequenti
1086 3575 1250 3660 praevari-

46 3659 52 3675 '
97 3658 224 3721 catione
253 3657 421 3739 iterantur,
451 3659 607 3741 frequenti
634 3663 794 3727 sententia
821 3663 1088 3726 condemnentur:
1121 3670 1155 3724 et
1175 3660 1248 3724 ideo

95 3743 242 3826 qnoniam
262 3750 352 3806 tanta
372 3744 482 3808 existit
502 3746 696 3827 perversitas
717 3747 886 3830 homiuum,
906 3756 945 3813 ut
963 3729 996 3812 lri
1011 3765 1095 3830 quos
1115 3747 1174 3812 sub
1194 3731 1248 3810 r‘e·

96 3898 295 3918 -n-

133 3995 163 4062 1)
174 3995 256 4063 justo
272 3997 339 4065 quod
355 4023 390 4040 ·-
407 3999 543 4067 accipienti
568 3999 663 4052 desunt
680 4015 722 4067 ap.
740 3999 777 4050 Μ.
825 4027 861 4039 --
914 3999 944 4070 ²)
965 4003 1119 4055 commendet
1140 3999 1177 4052 Μ.
1211 4026 1247 4038 -

132 4064 162 4134 8,)
179 4066 224 4116 seri
240 4068 290 4120 elci
305 4068 342 4120 M.
377 4097 414 4110 -
448 4069 479 4137 ⁸)
496 4070 556 4136 quio
573 4085 625 4122 ooo
640 4097 677 4110 -
692 4075 830 4122 oosumlor
847 4071 941 4125 desunt
958 4089 1002 4142 ap.
1014 4074 1056 4126 Μ.
1073 4069 1144 4126 etin
1162 4065 1248 4120 curni-

165 4135 214 4187 bus
227 4136 371 4217 ¹podicibus
394 4136 473 4204 Hisp.
494 4143 601 4222 practer
622 4139 655 4192 A.
698 4165 735 4178 -·
789 4139 817 4205 ⁵)
841 4143 915 4223 atui
937 4145 995 4209 qais
1011 4145 1161 4224 clericorem·
1178 4135 1248 4203 (om.

107 4325 112 4336 ,
163 4205 438 4332 ttittwrfttl.
452 4207 1194 4348 ‘irotlt..t.1l'>i“ttnutrinnio
1209 4208 1248 4327 tl:

107 4344 350 4412 ‚uinulentum
366 4348 396 4402 in
413 4365 450 4400 m.
464 4347 503 4400 M.
538 4373 576 4404 -.
613 4346 863 4414 1¹)etonr.aM.
896 4380 933 4392 -
970 4351 1151 4418 1²)qoioqot'8
1166 4346 1247 4398 ¹¹le

163 4415 203 4474 ool
219 4417 281 4468 mal.
298 4415 356 4470 dub.
373 4419 451 4472 senei
468 4416 581 4468 induerit
595 4414 634 4466 Μ.
668 4443 705 4458 -·
749 4417 800 4486 18)
820 4433 852 4468 oe
867 4417 905 4472 M.
922 4427 1021 4472 -nut
1036 4423 1117 4486 faerit
1132 4416 1250 4480 dereptae

107 4535 112 4546 ,
163 4481 193 4534 in
210 4484 295 4536 mil.
321 4513 360 4531 -.
391 4487 441 4554 ιι)
459 4487 494 4542 od
510 4486 692 4562 emunctorium
707 4489 876 4554 regredietur,
895 4491 928 4542 al.
944 4490 1105 4558 irrprediotor
1120 4485 1149 4540 in
1165 4501 1200 4538 m.
1210 4485 1249 4537 M.

128 4551 179 4617 ¹.⁵)
195 4558 225 4602 at
240 4567 286 4614 ooo
305 4555 377 4610 leno
400 4560 440 4614 eris
459 4557 529 4610 nuru
549 4560 586 4610 eit
609 4558 792 4610 cmmrurionie
816 4556 898 4612 inm.
912 4561 952 4614 M.
1001 4586 1038 4600 -·
1089 4554 1140 4626 Ν)
1164 4554 1247 4608 (lonc.

166 4622 311 4676 Toleth.
329 4626 409 4684 abd
444 4653 477 4665 -
523 4625 573 4694 Η)
594 4626 719 4680 oilrremot
736 4626 768 4676 do
785 4633 856 4678 tento
873 4630 988 4694 seeum
1003 4630 1041 4682 Μ.
1075 4655 1131 4674 η.
1162 4655 1163 4662 ι
