2916 5050
187 279 252 362 172
438 273 574 341 GODEX
594 269 819 344 monasteri
840 275 1075 347 ssslcsnsn.

186 457 273 525 steht
303 457 338 520 el
365 449 468 515 salute
498 449 664 516 ecclesiae
685 450 789 531 magis
816 447 983 532 magisque
1010 447 1126 530 ubique
1152 445 1349 528 repellenda.

187 538 232 602 Et
258 537 518 618 subscripsenrnt.
557 535 705 600 Aurelius
730 535 901 614 episcopus
928 534 1085 601 ecclesiae
1107 533 1349 616 Carthaginen-

86 655 89 668 ·
188 624 251 708 sis,
272 622 493 686 huicdecreto
514 622 663 685 consensi
684 629 718 685 et
737 621 896 700 praelecto
918 619 1099 701 subscripsi.
1135 617 1287 683 Similiter
1310 628 1372 682 et'

78 719 82 727 “
188 709 287 774 ceteri
308 709 449 788 episcopi
469 707 728 788 subscripserunt,

209 809 250 874 In
271 810 330 872 boc
351 807 486 871 coneilio
507 807 621 871 literae
640 807 974 890 legantarAnastasii
984 803 1125 868 Rotnani
1138 797 1320 890 pontidets,

337 893 377 957 de
397 894 582 958 Donatistis
603 893 776 956 catholicos
798 895 959 976 episcopos
980 891 1191 954 admonentis.

272 977 442 1042 Vincentio
471 988 504 1040 et
530 977 692 1060 lllavi01)
715 979 792 1064 viris
817 977 996 1041 clarissimis
1011 979 1207 1060 consulibus,
1232 975 1345 1042 ldibus

189 1063 395 1146 Septembris,
410 1063 602 1147 Carthagine
620 1065 652 1126 in
668 1063 837 1141 secretario
852 1063 1003 1152 basilicae
1018 1063 1192 1148 restitutae,
1214 1081 1287 1126 cum
1309 1065 1345 1124 hr

189 1151 322 1215 concilio
344 1151 530 1234 congregati
550 1152 581 1210 in
603 1149 992 1232 ecclesiaCarthaginensi
1012 1147 1275 1230 consedissemus,
1298 1167 1343 1210 ex

187 1235 345 1300 Africanis
355 1236 496 1298 omnibus
506 1235 675 1315 provinciis
685 1236 835 1316 episcopi,
844 1235 875 1297 id
886 1233 1090 1296 estAurslius
1102 1232 1241 1314 ejusdem
1252 1231 1344 1297 sedis

188 1323 358 1402 episcopus
376 1338 447 1384 cum
460 1321 592 1403 collegis
605 1321 682 1401 suis,
694 1339 774 1402 qnos
785 1339 891 1382 eorum
904 1319 1284 1400 subscriptiomanifestat
1296 1320 1344 1382 ait

186 1407 271 1470 idem
281 1405 428 1468 Aurelius
441 1406 626 1486 episeopus:
645 1405 802 1469 Recitatis
814 1404 994 1486 epistolis²)
1006 1405 1177 1478 beatissimi
1189 1405 1292 1468 fratris
1306 1413 1342 1466 et

187 1489 1342 1572 nnsacertisnostriAnastasiiecelesiaeltomanaeepiseopi,quiousnos

188 1585 338 1660 paternae
346 1584 379 1640 et
389 1577 542 1639 batemae
552 1578 691 1638 caritatis
702 1575 909 1640 sollieitudine
920 1594 959 1638 ae
969 1576 1149 1637 sinceritate
1159 1575 1344 1638 adhortatus
1440 1603 1441 1606 ¹

189 1670 251 1745 est,
265 1671 301 1724 ut
314 1662 354 1724 de
366 1663 591 1724 haereticorum
603 1669 636 1724 et
649 1663 918 1725 schismaticorum
926 1659 1159 1734 Donatistarum
1173 1661 1293 1724 insidiis
1306 1669 1341 1724 et

145 1795 148 1804 .
188 1747 451 1829 improbitatibus,
473 1747 585 1828 quihus
604 1745 786 1810 Africanam
806 1747 975 1810 eeclesiam
995 1745 1182 1810 catholicam
1202 1748 1342 1831 graviter

188 1841 318 1913 vexant,
333 1833 415 1894 nullo
431 1831 523 1894 modo
538 1831 784 1913 dissimulemus,
805 1833 925 1916 gratias
944 1832 1066 1914 agimus
1079 1831 1203 1898 domino
1222 1841 1340 1913 nostru,

135 1921 139 1940 ¹
188 1917 273 2002 quod
300 1919 343 1979 illi
372 1919 486 1998 optimo
513 1936 553 1980 ac
580 1926 692 1979 saneto
721 1917 854 1980 antistiti
878 1935 936 1978 suo
966 1925 1030 1980 tam
1056 1917 1139 1998 piam
1159 1937 1264 1982 curam
1284 1937 1340 1999 pro
1441 1937 1442 1990 ι

186 2003 332 2066 membris
353 2002 489 2082 Christi,
517 2003 660 2082 quamvis
686 2001 726 2068 im
744 2001 926 2064 diversitate
954 2010 1118 2079 terrerum,
1146 2003 1206 2068 sed
1226 2005 1257 2066 in
1275 2021 1341 2068 'una
1441 2007 1442 2028 ³

188 2106 343 2172 compage
367 2086 509 2166 corporis
530 2087 727 2168 constitutis,
753 2087 901 2168 inspirare
923 2085 1070 2174 dignatus
1092 2096 1152 2151 est

210 2237 213 2244 ,
263 2241 266 2246 ,
374 2187 495 2251 LXVI.
533 2187 576 2251 Ut
596 2209 668 2250 cam
688 2188 874 2251 Donatistis
896 2187 999 2252 lenias
1020 2199 1148 2273 agatur.

273 2271 398 2338 Deinde
424 2275 623 2354 pertractatis
650 2281 684 2334 et
704 2274 910 2336 consideratis
938 2276 1080 2338 omnihus
1107 2291 1189 2358 quae
1214 2274 1341 2336 utilitati
1442 2343 1443 2358 χ

188 2357 346 2424 ecclcsiae
368 2360 537 2422 convenire
557 2358 752 2442 videbantur,
772 2368 930 2422 annuente
950 2369 1045 2441 atque
1066 2359 1249 2422 admonente
1270 2360 1344 2440 spi-.

145 2437 150 2444 ’
188 2445 250 2508 ritu
271 2443 341 2526 dei,
369 2444 523 2527 elegimus
544 2463 615 2508 cum
635 2433 814 2508 memoratis
834 2445 1024 2528 hominibus,
1054 2448 1197 2527 quamvis
1218 2445 1340 2508 dedo-

187 2529 293 2594 miniei
314 2531 452 2610 corporis
471 2531 591 2592 unitate
614 2531 753 2612 inquieta
773 2530 969 2593 dissensione
989 2533 1155 2614 praecisis,
1176 2531 1285 2592 leniter
1306 2540 1340 2594 et
1389 2609 1391 2620 Ι

187 2615 321 2698 pacifice
349 2633 461 2698 agere,
490 2623 525 2695 nt
546 2623 695 2698 qnantum
722 2617 754 2676 in
780 2616 871 2678 nobis
899 2623 950 2677 est
975 2617 1133 2698 omnibus,
1160 2618 1213 2698 qui
1234 2635 1339 2678 eorum

188 2699 404 2766 communione
426 2709 460 2762 ct
480 2702 635 2763 societate
655 2700 763 2762 irretiti
783 2708 876 2783 sunt,
903 2719 959 2782 per
978 2702 1143 2764 universas
1162 2701 1341 2782 provincias
1443 2775 1444 2778 Ἴ

188 2787 356 2851 Africanas
381 2787 507 2868 penitus
535 2788 731 2866 innoteseat,
760 2804 852 2866 quam
879 2787 1046 2848 miserabili
1072 2807 1175 2850 errore
1202 2787 1341 2850 devincti

137 2893 139 2898 ’
188 2880 264 2934 sunt
285 2870 411 2932 diversa
431 2872 617 2951 sentientes,
637 2872 786 2951 neforto,
809 2872 892 2933 sicut
909 2871 985 2932 dicit
1005 2874 1176 2954 apostolus,
1197 2873 1288 2936 nobis
1307 2875 1339 2934 in

190 2954 428 3020 mansuetudine
462 2955 721 3035 corripientibus,
755 2955 811 3016 det
840 2955 906 3017 illis
933 2957 1009 3018 dens
1030 2960 1268 3040 poenitentiam
1295 2957 1341 3020 ad

190 3035 438 3124 cognoscendam
459 3042 630 3102 veritatem
647 3046 680 3101 et
692 3041 885 3121 resipiscant
898 3041 938 3102 de
951 3042 1072 3105 diaboli
1087 3043 1218 3127 laqueis,
1236 3046 1340 3128 capti-

189 3129 261 3189 oati
282 3123 322 3186 ab
343 3127 413 3207 ipsso
436 3126 483 3186 ad
503 3127 604 3208 ipsias
625 3124 878 3204 noluntatem³).

232 3227 372 3292 LXVII.
410 3224 463 3289 De
488 3226 592 3290 literis
612 3225 973 3308 mittendisjndicibns‚
995 3231 1032 3289 nt
1053 3248 1092 3291 ea
1113 3251 1194 3312 qnae
1214 3233 1300 3297 inter

304 3311 498 3375 Donatistae
512 3319 545 3374 et
556 3311 819 3375 Maximianistas
834 3318 910 3373 aeta
924 3318 999 3374 snnt
1016 3314 1229 3378 innotescant.

278 3398 389 3478 ltaque
410 3399 547 3477 placuit,
576 3404 612 3459 ut
640 3415 681 3458 ex
707 3397 839 3459 concilio
865 3405 972 3458 nostro
997 3398 1106 3462 literae
1133 3401 1277 3463 darentur
1302 3399 1341 3464 ad

183 3477 314 3564 -jndioes
340 3482 523 3562 Africanos,
552 3497 572 3542 a
599 3483 711 3561 quihus
737 3481 799 3543 hoc
825 3483 892 3562 peti
917 3499 1089 3564 congruum
1108 3487 1282 3568 videretur,
1307 3495 1342 3550 ut

191 3569 225 3631 in
250 3565 313 3628 hoe
339 3563 489 3645 adjuvent
516 3583 710 3628 communem
737 3575 867 3628 matrem
892 3569 1060 3632 ecclesiam
1081 3572 1285 3654 catholicam,
1311 3573 1342 3633 in

191 3669 254 3734 qno
281 3651 471 3732 episcopalis
499 3653 669 3714 auctoritas
695 3651 875 3714 communiri
896 3652 927 3713 in
953 3654 1134 3718 civitatibus
1154 3665 1284 3740 potest;
1303 3653 1341 3718 ‚id

192 3745 245 3800 est
272 3745 308 3798 ut
331 3735 492 3817 judiciaria
519 3731 811 3819 potestatemque*
830 3737 991 3821 diligentia
1017 3760 1059 3803 ex
1084 3740 1147 3803 lide
1175 3743 1342 3816 christiana

191 3819 269 3905 qnid
289 3831 416 3906 gestum
437 3823 480 3885 sit
500 3821 532 3884 in
553 3824 695 3886 omnibus
716 3823 805 3905 lociS,
826 3823 856 3884 in
878 3823 990 3905 quihus
1011 3827 1264 3891 Maximianistae
1284 3829 1343 3891 ba-

127 3961 129 3970 ,
191 3907 301 3970 silicas
329 3908 542 3989 obtinuerunt,
570 3909 623 3990 qui
650 3908 690 3970 ab
718 3910 765 3972 eis
791 3907 930 3970 schisma
950 3909 1107 3993 iecerunt,
1137 3913 1290 3994 inquirent
1311 3919 1342 3974 et

130 4011 133 4020 ·
191 3991 298 4076 gestis
332 3991 465 4071 publicis
496 4003 622 4076 propter
645 3993 770 4066 ,firmam
797 3995 939 4056 notitiam
965 3997 1108 4061 omnibus
1134 3999 1343 4064 necessariam

110 4083 113 4090 '
192 4077 310 4141 taciem
329 4077 501 4141 inhaerere.
571 4104 574 4113 ·
643 4083 650 4108 '
758 4085 761 4092 “

237 4175 393 4242 LXVIII.
437 4177 480 4242 Ut
508 4179 619 4241 clerici
646 4177 893 4242 Donatistarum
920 4181 956 4242 in
984 4181 1117 4248 ecelesia
1145 4182 1305 4248 catholica

567 4263 783 4342 smetpriantnr
810 4264 847 4330 in
872 4263 965 4328 olere.
1246 4290 1251 4298 ’

278 4345 401 4412 Deinde
421 4347 549 4431 placuit,
569 4353 605 4406 ut
624 4347 734 4408 literae
754 4348 913 4410 mittantur
932 4348 974 4412 ad
993 4349 1105 4415 iratres
1125 4364 1160 4417 et
1180 4355 1345 4437 coipisco-

195 4446 256 4512 pos
274 4442 411 4514 nostros,
432 4441 467 4496 et
486 4431 622 4496 maxime
642 4430 683 4494 sd
704 4433 815 4498 sedem
835 4435 1048 4520 apostolicam,
1065 4439 1097 4500 in
1114 4457 1177 4534 qua
1190 4441 1346 4524 praesidet

196 4535 395 4556 Μ

232 4582 263 4650 1)
278 4582 321 4634 ΑΙ.
338 4580 452 4655 Marito,
472 4582 505 4632 al.
522 4581 638 4636 Frustra.
657 4580 740 4638 Hard.
763 4611 798 4636 -,
833 4543 864 4655 ¹i
881 4587 938 4641 lans
958 4602 1006 4642 ese
1024 4603 1076 4642 non
1094 4585 1198 4646 extant:
1218 4590 1299 4646 Hand.
1313 4613 1356 4632 -··

231 4653 260 4716 ³)
278 4649 376 4704 2'l'ius
395 4651 427 4715 2,
451 4648 493 4704 ib.
511 4649 553 4706 26.
589 4678 623 4692 -
1109 4670 1110 4674 ¹
