2880 5050
212 268 282 346 m
468 271 710 356 millii!
738 263 1114 348 amramitae

212 449 297 514 nius
325 445 366 510 erl
391 445 662 528 metropolitanum
690 465 781 514 snum
804 459 863 528 'pro
884 465 1050 512 causarum
1070 465 1197 512 suarum
1219 445 1391 509 necessi-

212 543 283 604 tate
298 532 498 614 configitur,
518 531 751 596 aima-lieentia
773 534 889 596 talibus
909 533 1045 618 perfugii
1063 533 1170 614 datur,
1190 531 1241 596 ita
1263 532 1303 596 lai
1327 532 1388 612 qni

213 637 272 694 ees
302 616 500 698 susceperint
528 615 667 680 damnari
696 625 806 699 utpote
843 627 1026 702 receptores
1061 619 1271 702 lugitivorum
1314 637 1388 680 nen

211 711 374 790 poterunt,
401 702 585 782 pracsertim
613 703 641 768 si
669 712 703 781 et
730 703 854 784 publice
882 700 953 768 illos
981 703 1064 784 apud
1085 723 1122 767 so
1143 703 1314 786 habeant,
1348 711 1385 764 et

211 807 364 944 :nsaw
384 787 497 936 epilam
518 786 660 934 copones
679 788 843 856 habuerint
862 789 904 854 ad
924 790 1121 872 reposcentis
1141 807 1261 854 vocem
1293 807 1384 852 con-

289 893 363 941 ilissfl
383 891 403 940 1
425 889 584 937 mcucan.
1048 910 1052 918 =

220 1103 224 1114 ,
295 1041 494 1122 Quicumque
510 1059 553 1102 ex
568 1037 691 1102 olorinis
705 1039 758 1104 uel
770 1040 933 1107 monachis
946 1037 1073 1106 ca'usam
1089 1047 1199 1104 contra
1210 1040 1378 1124 proprium

213 1130 399 1210 episcopum
425 1127 545 1192 habens
570 1125 612 1188 ad
639 1126 907 1204 metropolitanum
928 1145 1020 1188 sunm
1041 1135 1228 1190 causaturus
1250 1146 1376 1204 ,raeces-
1413 1166 1415 1170 -

212 1209 312 1295 sarit,¹
338 1231 404 1279 uun
433 1209 630 1276 antecebat
658 1227 678 1272 a
706 1212 827 1292 proprio
855 1211 1005 1294 episcopo
1032 1212 1373 1276 excommunicationis

213 1298 373 1368 sententia
397 1296 629 1378 praedamnari,
664 1314 756 1376 quarn
785 1315 841 1378 per
863 1293 1014 1376 judicium
1037 1291 1282 1378 metropolitani
1311 1299 1370 1378 sui,

212 1391 316 1454 urum
329 1381 782 1465 ‹lignusesecmmunicatione
796 1382 958 1464 habeatur,
978 1383 1080 1466 possit
1101 1383 1246 1464 agnosci
1277 1379 1368 1459 Quod

196 1471 243 1540 'ai
269 1477 344 1534 aare
367 1465 519 1548 judicium
545 1468 616 1549 quis
642 1467 859 1547 episcoporum
875 1467 911 1543 ‚in
932 1467 1038 1547 talium
1058 1485 1213 1550 personas
1235 1485 1358 1530 excom·

213 1553 433 1624 manicationis
454 1553 643 1617 sententiam
667 1553 852 1634 prompserit
868 1549 921 1633 ¹),
951 1553 1012 1633 illis
1032 1553 1162 1634 penitus
1179 1569 1260 1632 qnos
1276 1551 1360 1634 lige-

214 1641 318 1711 verint
338 1639 501 1719 absolutis,
519 1639 551 1698 in
572 1656 609 1700 se
630 1637 712 1698 illam
731 1638 855 1702 noverit
870 1639 1040 1720 retorqueri
1054 1637 1268 1702 serrtentiam:
1284 1633 1365 1718 quorl

215 1727 312 1796 etiem
338 1732 372 1785 et
394 1724 478 1798 =inter
503 1723 758 1808 metropolitanos
784 1723 932 1786 convenit
953 1723 1110 1786 observari
1122 1766 1132 1803 ,
1162 1723 1191 1784 si
1211 1742 1367 1807 praegra-

215 1819 313 1874 emus
338 1809 409 1892 quis
430 1828 450 1871 a
470 1809 707 1888 metropolitano
727 1809 848 1890 proprio
870 1807 911 1870 ad
932 1807 1060 1870 alterius
1081 1807 1268 1954 provinciae
1300 1827 1368 1868 me-

213 1896 432 1978 teopolitanum
446 1894 621 1958 molestiam
637 1911 803 1972 pressurae
817 1911 896 1954 suae
918 1911 1079 1976 agnoscere
1102 1911 1152 1954 am
1172 1892 1367 1974 intulerit2),

214 1989 270 2052 cut
291 1981 320 2044 si
339 1978 495 2045 inauditus
517 1978 678 2042 aduobus
697 1977 945 2058 metropolitanis
964 1978 1005 2041 ad
1030 1977 1136 2066 regios
1157 1977 1290 2064 auditus
1313 1999 1368 2040 ne-

214 2065 304 2148 gotia
327 2081 394 2128 sua
420 2063 595 2142 perlaturus
622 2063 796 2126 accesserit
811 2099 816 2104 -
832 2070 866 2124 et
894 2063 933 2126 ob
954 2063 1015 2128 hoc
1036 2063 1369 2126 excommunicationis

207 2149 354 2232 jugulum
375 2167 395 2208 a
414 2147 536 2228 proprio
558 2143 707 2226 episcope
728 2147 771 2219 illi
792 2145 936 2208 videatur
956 2147 1059 2230 infigi,
1086 2147 1148 2212 hoc
1167 2156 1298 2212 tantum
1321 2157 1368 2210 est

214 2232 468 2311 observandum,
497 2238 534 2293 ut
562 2231 591 2293 si
617 2231 703 2312 prius
732 2250 980 2314 unumquemque
1012 2235 1368 2296 excommunicationem

213 2319 381 2398 eontigerit
406 2315 610 2398 suscepisse,
638 2324 805 2398 antequam
833 2319 994 2400 aproprio
1024 2319 1172 2400 episcopo
1200 2319 1243 2384 ad
1272 2320 1368 2380 alium
1422 2391 1423 2396 γ

211 2404 431 2488 pertransiret,
456 2402 577 2468 tamdiu
597 2404 886 2468 excommunicatus
906 2403 989 2486 apud
1011 2422 1082 2466 eum
1104 2403 1194 2484 cujus
1210 2402 1369 2486 judicium
1422 2449 1423 2486 ξ

213 2487 306 2590 petiit
322 2489 483 2570 habeatur,
498 2487 644 2570 quamdiu
663 2489 975 2553 excommunicatoris
994 2490 1044 2552 sui
1066 2487 1242 2570 objectibus
1263 2499 1370 2552 utrum

209 2584 298 2659 juste
316 2594 359 2638 an
380 2573 496 2656 injuste
516 2574 664 2657 alligatus
682 2573 727 2636 sit
747 2581 947 2654 agnoscatur.

232 2784 235 2795 =
296 2759 361 2821 llis
382 2777 459 2842 crgo
481 2760 623 2824 omnibus
636 2758 670 2837 8)
692 2758 854 2840 synodicis
873 2759 1027 2823 institutis
1045 2758 1286 2840 subscriptionis
1306 2777 1371 2822 ne-
1421 2787 1422 2842 3

137 2907 141 2922 ,
210 2851 302 2908 strae
331 2845 422 2906 robur
450 2846 633 2924 apponimus
644 2844 679 2922 4)
709 2852 744 2909 et
768 2845 829 2906 'sub
859 2852 974 2907 terrere
988 2843 1022 2922 ⁵)
1050 2843 1155 2906 diuino
1176 2845 1307 2924 perenni
1331 2863 1372 2908 ea
1421 2849 1422 2874 ¹

209 2947 299 3012 quae
318 2928 519 2993 decrevimus·
537 2931 706 2992 memoriae
727 2945 968 3009 consecramus,
989 2929 1286 3004 dantesimmortali
1306 2929 1371 2990 deo

210 3025 322 3078 nestro
351 3015 480 3098 gloriam
506 3016 622 3094 pariter
650 3023 684 3076 et
711 3015 874 3094 honorem,
901 3014 991 3094 cujus
1012 3016 1211 3094 inspiratione
1230 3023 1374 3098 aguntur

211 3101 320 3165 omnia
347 3119 429 3180 quae
456 3099 618 3160 salubriter
646 3108 853 3168 exerceretur:
883 3100 1089 3172 invictissimo
1119 3097 1243 3181 quoqne
1271 3108 1373 3180 atqup

207 3186 451 3268 religiosissimo
483 3184 613 3264 principi
635 3185 772 3265 lrlwigio
801 3183 869 3266 regi
895 3185 1104 3264 multiplicem·
1117 3187 1286 3267 gratiarum
1308 3203 1372 3248 exr
1420 3199 1421 3202 ’

206 3273 397 3334 ilibitionem
423 3271 656 3350 persolvimus,
686 3269 778 3348 cujus
806 3270 1050 3335 clementissime
1080 3269 1173 3349 jussu
1207 3269 1239 3334 in
1272 3289 1371 3334 unum
1420 3271 1421 3361 l

206 3365 343 3419 comum
366 3356 562 3437 aggregandi
583 3357 796 3420 convenimus.
825 3355 877 3424 Sit
897 3355 939 3416 illi
958 3374 1023 3434 pax
1044 3357 1189 3434 optabilis
1210 3363 1246 3416 ct
1263 3356 1370 3436 beate,

206 3441 312 3502 micat
327 3457 451 3520 quoquc
472 3449 611 3520 tenpore
631 3438 823 3520 processui)
843 3440 992 3521 longioris
1011 3441 1084 3502 aevi
1104 3442 1217 3521 felicia,
1240 3447 1274 3502 et
1295 3450 1370 3520 post

117 3571 118 3578 ,
152 3582 154 3586 ,
205 3523 387 3604 imper'nlia
411 3528 525 3586 terreni
551 3527 641 3605 regni
668 3534 794 3604 sceptra
821 3524 1017 3587 coronandus
1045 3529 1207 3606 perveniat
1228 3525 1269 3588 ad
1291 3545 1370 3588 cce-

207 3610 312 3672 lestia
332 3626 448 3690 regna,
476 3618 658 3688 praestante
680 3612 761 3681 Jesu
782 3609 908 3672 Christo
930 3610 1135 3684 dominodao
1157 3619 1191 3674 et
1211 3612 1369 3674 salvatore

206 3700 342 3774 inostro,
372 3694 424 3775 qni
452 3711 524 3754 cnm
553 3693 612 3756 deo
642 3704 731 3774 patre
761 3703 794 3758 et
815 3696 1057 3774 sanctospiritn
1076 3715 1159 3758 unus
1180 3698 1211 3758 in
1232 3697 1368 3760 trinitate

207 3783 298 3844 ‘vivit
314 3788 356 3842 ct
373 3779 523 3863 gicnatnr
542 3779 623 3842 dens
643 3782 675 3844 in
695 3780 825 3846 saecula
846 3781 1051 3842 saeculorum.
1092 3781 1204 3854 Amen.

274 4023 277 4035 ,
371 3949 457 4010 nex
488 3951 533 4010 in
564 3947 881 4014 confirmatione
909 3949 1073 4012 eonem
1103 3928 1223 4012 adiri„

215 4070 220 4078 '
302 4075 337 4134 ln
358 4054 482 4136 nomine
503 4065 616 4136 domini
636 4071 767 4136 mavms
788 4073 939 4157 Ervigius
960 4053 1024 4137 rer.
1057 4067 1190 4138 -uximia
1210 4073 1370 4159 synodalis

219 4160 390 4222 auctoritas
412 4168 446 4220 et
466 4160 645 4222 veneranda
666 4167 718 4220 est
738 4161 854 4241 pariter
875 4169 909 4221 ct
931 4161 1112 4246 tremenda,
1142 4181 1223 4243 quae
1245 4163 1277 4224 in
1297 4170 1368 4232 tan-
1418 4197 1419 4223 r

46 4247 55 4261 “
125 4267 131 4278 ·
214 4253 286 4338 ἒῐμιιι
306 4264 362 4326 per
382 4243 495 4310 dorium
517 4246 620 4310 sancti
640 4245 768 4327 spiritus
790 4245 938 4336 agitari)
966 4255 1002 4308 ut
1024 4267 1065 4309 ex
1086 4247 1270 4310 diversitate
1292 4247 1371 4310 mul·

203 4369 422 4423 .i.5....3...,.-
538 4384 545 4394 ¹
653 4380 657 4390 ⁶
694 4403 699 4410 .

182 4533 183 4537 ,
212 4456 469 4566 ,,“ἰ)μῖηιιιηι·ραὲι
487 4491 859 4562 AE-li.4.‘l'21.2.,etM.
885 4527 928 4566 ··.,
957 4501 987 4568 a)
1005 4489 1279 4564 (repamfflp‚2,‚
1297 4501 1370 4552 etM.

209 4598 222 4622 ·.
258 4565 425 4630 cie-mum
438 4560 627 4631 caraem.
662 4589 698 4602 -
737 4563 1080 4637 ‘lpppoeatarinmxll
1111 4598 1149 4617 ..-
1184 4571 1371 4638 quaerella
1417 4627 1418 4640 χ

260 4635 289 4694 ⁶)
306 4649 354 4699 pro
372 4649 447 4708 curm
463 4633 500 4685 M.
536 4661 571 4672 -
599 4632 714 4698 ’'lepii
731 4633 770 4688 Μ.
805 4629 859 4690 -’.
897 4697 900 4704 ¹
