2912 5060
320 250 470 318 cousx
491 251 714 320 uccnusun
736 245 971 340 taurorum,
1031 335 1034 347 ¹
1059 249 1070 266 ‘
1169 261 1232 328 roe

74 425 272 511 diligentiam
293 424 392 490 briaae
412 433 630 511 praeventam,
657 434 691 490 ut
713 446 752 492 eo
773 425 865 491 modo
887 425 956 508 ejus
978 445 1052 498 cura
1072 433 1232 498 sollicitior
1280 441 1285 454 “

73 511 287 592 vitaretur¹);
309 530 381 574 cum
398 511 460 574 hoc
477 509 602 592 judices
624 513 764 594 episcopi
784 517 1000 598 cognoverint,
1020 537 1099 580 suae
1117 521 1230 582 cathe-

77 599 155 664 drae
182 599 252 660 loca
278 597 453 658 restituant.
496 597 582 658 Sane
603 598 632 658 si
651 599 809 679 episcopi,
838 601 917 660 iuter
937 619 1017 682 quos
1037 621 1136 667 causa
1154 625 1246 668 ver-1

77 693 184 764 satur,
212 683 405 746 diversarum
434 683 660 762 provinciarum
685 693 774 764 sunt,
801 685 853 746 ille
880 685 994 766 primas
1005 686 1039 766 2)
1068 688 1122 752 det
1143 689 1232 770 judi-

79 769 197 851 ces⁸),
225 771 259 830 in
287 766 378 848 cujus
404 768 564 847 provincia
590 776 641 830 cst
668 768 774 849 locus,
808 769 849 830 de
874 789 928 850 pro
956 773 1173 858 contenditur,
1202 778 1231 844 si

78 863 182 916 autem
205 873 248 916 ex
269 854 423 916 communi
449 853 564 932 placito
585 854 709 914 vicinos
730 853 857 933 judices
878 856 1047 941 elegerint,
1075 869 1130 921 aut
1149 880 1231 924 unus

76 939 213 1022 eligatur
240 947 295 1000 aut
322 947 408 1000 tres:
436 947 471 998 ut
499 939 527 1000 si
555 947 619 1000 tres
646 936 816 1022 elegerint,
844 943 1258 1026 omniumlsententiamq.

73 1033 250 1105 sequantur
263 1023 314 1105 ⁵),
341 1031 396 1085 aut
416 1022 553 1085 duorum.

80 1150 223 1214 CXXII.
260 1151 350 1228 Quod
368 1149 537 1212 electomm
550 1149 699 1231 judicum
717 1152 880 1219 sententia
900 1155 1007 1234 cerm·
1027 1173 1091 1216 non
1108 1155 1233 1222 debeat.
1302 1212 1310 1220 .

164 1262 197 1322 A
214 1259 371 1341 judicibus
392 1269 506 1340 autem,
520 1277 599 1340 quos
621 1260 793 1322 communis
813 1278 988 1324 consensus
1010 1265 1150 1349 elegerit,
1171 1288 1255 1332 nont

76 1345 176 1408 liceat
201 1365 394 1428 provocare3
424 1354 458 1406 et
494 1346 635 1426 quisquis
662 1353 852 1423 provocatus
864 1346 898 1423 θ)
929 1359 1070 1427 repertus
1097 1353 1234 1434 ruo-ita)

78 1451 135 1511 per
156 1432 385 1494 contumaciam
410 1431 492 1491 nolle
514 1431 727 1509 obtemperare
743 1428 916 1514 judicihuS,
944 1451 1015 1495 eum
1034 1437 1096 1498 hoc
1116 1441 1234 1517 primae

80 1518 168 1580 sedis
189 1519 339 1598 episcopo
360 1517 451 1584 fucrit
471 1512 687 1595 probatum⁸),
709 1514 763 1576 det
783 1516 900 1598 literas,
921 1525 957 1579 ut
977 1520 1080 1582 nullus
1096 1524 1127 1584 ei
1144 1542 1236 1587 com-

79 1605 218 1665 municet
239 1604 456 1682 cpiscoporum
476 1599 578 1664 donec
598 1601 802 1680 obtemperet.

86 1727 239 1795 CXXIII.
272 1729 315 1792 Ut
329 1730 361 1790 si
375 1731 538 1811 episcopus
553 1725 702 1874 negliggt
717 1745 808 1830 suom
822 1729 1001 1809 dioecesim,
1021 1739 1236 1802 commuuione

487 1845 496 1858 ·
576 1834 672 1896 prece
688 1833 735 1876 ur.

166 1923 204 1987 Si
230 1925 263 1986 in
289 1926 468 1988 matricibus
495 1923 652 1986 cathedris
679 1925 849 2006 episcopus
874 1927 1042 2010 negligens
1063 1931 1155 1996 fuerit
1175 1934 1236 1998 ad-

80 2029 196 2072 versus
221 2010 418 2093 haereticos,
448 2011 651 2073 conveniatur
672 2029 691 2070 a
711 2011 824 2072 vicinis
845 2012 1004 2093 episcopis
1025 2016 1236 2104 diligentibus,

81 2105 116 2160 ct
138 2097 168 2156 ei
188 2115 248 2158 sua
268 2097 463 2180 negligentia
483 2095 712 2158 demonstretur
737 2105 773 2180 ut
803 2115 839 2158 se
867 2117 1021 2162 excusare
1042 2121 1104 2164 non
1125 2109 1237 2185 possit.

82 2179 176 2258 Quod
198 2182 227 2244 si
248 2202 289 2244 ex
311 2183 362 2244 die
384 2201 445 2263 quo
466 2181 650 2244 convenitur
671 2181 750 2242 intra
771 2201 831 2243 sex
851 2201 996 2265 menese,
1018 2187 1091 2265 spo)
1113 2191 1145 2252 iu
1167 2191 1236 2271 ejus
1264 2229 1267 2236 ,

79 2269 243 2346 provincia
265 2269 410 2331 executio
437 2268 546 2348 fuerit,
571 2275 603 2330 et
629 2271 693 2328 hon
722 2286 779 2328 eos
807 2267 847 2329 ad
873 2270 1025 2332 unitatem
1052 2276 1238 2340 catholicam

82 2355 313 2416 convertendos
326 2354 491 2434 curaverit,
505 2372 567 2414 uon
580 2353 610 2414 ei
625 2353 868 2414 communicetur
880 2353 982 2418 donec
996 2356 1163 2440 adimpleat
1174 2363 1238 2442 ιο).

84 2436 123 2498 Si
151 2446 254 2602 auterp
280 2449 431 2502 executor
457 2437 498 2502 ad
515 2437 595 2501 loca
621 2455 684 2500 non
703 2439 843 2520 venerit,
870 2458 932 2500 non
953 2441 1147 2511 adscribatur
1167 2451 1239 2531 epi·

78 2528 259 2602 scopon.
1075 2542 1077 2546 ·

151 2647 302 2716 CXXIV.
344 2653 395 2717 De
424 2653 597 2738 episcopia,
627 2653 683 2733 qui
705 2646 906 2714 Donatistae
935 2657 1180 2720 conmunicaeae

512 2737 642 2798 mentiti
662 2739 801 2820 firmat.
840 2807 842 2814 p

170 2845 207 2910 Si
238 2856 343 2910 autem
369 2847 533 2929 probatum
561 2846 669 2926 merit,
703 2865 775 2921 euru
807 2844 848 2906 de
877 2847 1092 2912 commuuione
1119 2852 1237 2918 illbrum

80 2932 184 2996 fuisse
206 2937 385 3012 mentitum,
412 2931 545 2993 diceudo
573 2949 631 2991 eos
657 2931 906 2994 communicasse
912 2977 922 3012 ,
949 2951 1030 3014 quos
1051 2953 1090 2998 eo
1115 2939 1237 3006 sciente

64 3038 147 3090 ¹non
169 3020 419 3081 communicasse
440 3016 629 3096 constiterit,
650 3018 744 3079 etiam
765 3017 981 3098 episcopatum
1002 3021 1133 3084 amittat.

111 3135 246 3218 CXXV.
279 3151 330 3216 De
343 3151 539 3236 presbyteria
561 3161 595 3216 et
611 3117 745 3228 clericis,
765 3159 803 3214 ut
822 3171 886 3216 noc
908 3153 1068 3238 appellent
1087 3161 1154 3224 nisi
1174 3163 1220 3228 ad

438 3307 440 3312 ,
492 3239 654 3321 Africano
685 3237 831 3300 uenalia.
1089 3263 1091 3267 ⁴

171 3351 251 3412 Item
279 3349 415 3432 placuit,
442 3357 478 3411 ut
504 3349 697 3432 presbyteri,
727 3347 850 3409 diaconi
877 3347 931 3408 vel
953 3350 1051 3412 ceteri
1078 3351 1239 3420 inferiores

84 3437 193 3500 clerici
214 3438 245 3498 in
266 3435 371 3498 causis
387 3453 466 3515 quas
487 3435 667 3516 habuerint,
688 3431 771 3494 side
788 3429 914 3512 judiciis
930 3435 1147 3517 episcopomm
1160 3461 1240 3506 suo.

85 3511 155 3586 rum
183 3523 286 3604 questi
313 3521 442 3601 fuerint,
470 3521 566 3584 vicini
595 3519 735 3602 episcopi
764 3537 821 3579 eos
857 3519 984 3582 audiant
1011 3531 1044 3584 et
1072 3525 1152 3588 inter
1180 3547 1238 3592 eos

84 3607 237 3688 quidquid
259 3613 309 3666 est
336 3605 459 3686 finiant,
487 3606 614 3668 adhibiti
640 3606 678 3666 ah
708 3604 755 3664 eis
782 3623 824 3664 ex
844 3621 1001 3670 consensu
1022 3610 1239 3691 episcoporum

87 3711 226 3754 suorum.
268 3689 409 3767 Quodsi
430 3699 464 3751 ot
485 3692 524 3752 ah
546 3693 593 3752 eis
614 3689 845 3770 provocandum
866 3695 1059 3776 putaverint,
1081 3715 1144 3758 nou
1164 3719 1240 3778 pro·

85 3786 207 3840 vocent
226 3775 287 3836 nisi
308 3773 349 3836 ad
369 3773 518 3836 Africana
538 3777 670 3838 concilia
690 3775 743 3836 vel
764 3771 804 3837 ad
826 3773 1039 3855 primates12)
1060 3783 1240 3858 provincia-

84 3881 155 3925 rurn
181 3879 323 3942 suarum,
351 3857 392 3921 ad
413 3859 615 3921 transmarina
637 3868 741 3922 autern
762 3859 814 3939 qui
835 3862 992 3938 putaverit
1012 3859 1239 3954 appellandum,

86 3967 108 4010 a
128 3948 213 4008 nullo
233 3947 314 4008 intra
333 3943 471 4008 Auream
493 3945 523 4007 in
536 3944 590 4024 13)
611 3941 859 4008 communionem
879 3947 1068 4027 suscipiatur
1081 3951 1144 4030 14).

86 4121 290 4139 ..ι-ι--ῄ

127 4215 155 4282 1)
174 4212 409 4266 videretrrrlsidor.
427 4230 461 4267 ex
479 4230 531 4269 rec.
550 4215 647 4268 Mansi.
674 4215 864 4272 Aluetoretur.
899 4247 934 4256 -
970 4216 999 4285 ἱ)
1017 4217 1144 4284 perraros
1162 4223 1192 4277 C,
1206 4227 1239 4280 Η.

126 4285 155 4354 8)
174 4275 298 4352 dejudicet
321 4285 353 4336 lt
372 4283 407 4335 G.
446 4313 483 4324 ·—-
528 4287 558 4353 4)
576 4288 702 4338 surrectio
725 4288 757 4339 A.
776 4289 808 4340 'lt
823 4291 847 4340 2.
866 4289 898 4340 U.
917 4288 950 4338 G.
990 4317 1025 4328 -·
1073 4289 1101 4357 ⁵)
1121 4304 1241 4360 sequatur

88 4355 90 4360 ’
160 4354 191 4406 C.
209 4353 286 4422 Hisp.
318 4381 357 4400 ,-
391 4352 420 4420 θ)
438 4355 479 4406 Al.
496 4369 643 4419 provocans.
677 4385 713 4398 -
749 4357 778 4425 ⁷)
796 4361 909 4427 prrispur's
924 4357 1047 4424 protono
1063 4362 1144 4426 fremit
1161 4363 1192 4416 C.
1206 4363 1241 4418 H.

126 4427 139 4466 ⁸
173 4425 303 4492 prolatum
320 4422 352 4473 C.
369 4421 404 4472 Η.
437 4452 475 4464 -
515 4425 741 4490 ⁹)siom.a0.
755 4425 790 4480 H.
824 4455 861 4468 -
897 4428 947 4495 1⁰)
964 4428 1070 4495 impleat
1088 4431 1118 4481 C.
1136 4431 1171 4484 H.
1206 4463 1243 4474 -
1288 4461 1298 4476 κ

121 4492 173 4558 1¹)
192 4493 295 4546 Verba:
319 4493 351 4543 st
367 4499 452 4545 autern
469 4500 516 4544 etc.
533 4495 627 4548 desunt
642 4495 671 4547 in
688 4496 720 4548 O.
737 4497 772 4549 H.
807 4525 842 4538 -
875 4496 924 4564 1²)
942 4499 1070 4564 punicum
1088 4499 1119 4551 C.
1138 4500 1172 4556 H.
1207 4533 1243 4544 -

121 4563 174 4630 1³)
191 4563 227 4613 od
243 4564 275 4615 Ο.
295 4563 329 4614 Η.
363 4591 400 4602 -
432 4560 481 4630 Ν)
498 4567 645 4629 prutrweriot
662 4573 688 4618 .’.
704 4563 877 4632 aiucipirmtrn·
895 4569 927 4618 C.
946 4569 980 4619 H.
998 4597 1033 4608 -
1051 4568 1172 4624 Gieseler
1188 4573 1205 4622 l.
1220 4589 1243 4626 c.

158 4634 253 4699 vol.l.,
266 4649 303 4701 p.
319 4630 438 4687 satura.
473 4633 597 4686 Neander
615 4637 632 4686 l.
650 4649 671 4686 c.
690 4638 740 4688 rol.
755 4638 802 4700 ll.,
822 4654 846 4705 p.
860 4637 919 4690 246.
945 4637 978 4690 cl.
996 4653 1018 4690 c.
1037 4638 1080 4689 28.
1114 4665 1148 4677 -
1283 4643 1284 4646 ’

134 4725 199 4774 sibl.
214 4725 271 4775 ccci.
289 4729 310 4774 1.
964 4723 1003 4784 13
