2880 5050
228 255 295 334 Μ
484 249 726 326 ὒθΝῦίΙιῐῑῙΜ
744 249 1016 322 'romeam
1035 251 1125 320 xvi.

170 471 181 488 ·
227 426 373 498 eonditor
404 437 513 492 eorum
545 433 686 492 estnec
713 423 855 491 deminus
883 442 923 488 ac
953 422 1151 507 redemptor,
1184 437 1403 507 summepere

230 515 406 584 rectoribus
424 509 631 578 ecclesiarum
651 511 703 576 dei
723 513 873 575 convenit
896 509 1048 590 studere,
1073 517 1110 572 ut
1136 527 1221 592 quos
1253 511 1402 596 maligne

224 601 434 686 persuasione
447 619 503 681 per
516 597 642 662 diversa
654 597 823 680 sacrilegia
837 593 897 660 sibi
911 596 1013 660 hostis
1032 594 1116 658 idern
1136 593 1347 660 subdiderat
1364 597 1400 678 ¹),

166 721 168 730 ·
227 687 273 754 de
296 684 368 768 ejus
389 683 461 767 jure
489 683 637 750 tollentes
664 701 723 746 aue
751 700 809 746 eos
827 682 994 746 restituant
1014 681 1157 746 creatori.
1200 678 1260 744 De
1286 685 1401 764 quibus

230 772 381 838 videlicet
406 769 583 851 sacrilegiis
609 767 803 850 extirpandis
828 766 974 850 quoniam
999 765 1182 830 multimoda
1205 777 1400 832 sanctorum

226 865 354 942 patrum
369 855 407 920 in
426 851 560 920 diversis
580 855 723 918 conciliis
742 854 862 918 clarent
881 851 1002 935 edicta,
1032 870 1072 916 aa
1084 850 1119 931 ²)
1145 852 1299 935 vigilaci
1325 874 1398 918 sen-

230 959 323 1010 suum
342 939 543 1039 indagatione
562 935 819 1022 perlustravimus
838 955 878 1003 ao
898 937 1035 1002 discreto
1055 937 1230 1020 gravitatis
1252 940 1391 1020 pondere

228 1045 339 1094 aarum
352 1025 389 1107 ⁸)
418 1025 565 1090 instituta
599 1023 845 1106 perpendimus3
877 1031 911 1086 et
939 1023 1012 1105 quia
1039 1019 1164 1086 debitae
1194 1025 1354 1088 rationes
1363 1025 1395 1105 ι)

226 1112 421 1198 planitudine
446 1110 563 1192 nitent,
591 1127 664 1176 eum
693 1123 851 1172 consensu
878 1125 919 1172 ac
946 1108 1175 1172 ferventissimo
1192 1106 1307 1189 jussu
1330 1111 1395 1174 reli-

227 1197 403 1284 giosissimi
422 1192 537 1258 domini
556 1195 654 1258 nostri
665 1191 820 1278 Egicanis
840 1192 928 1276 regis
948 1189 1150 1256 instituentes
1171 1192 1392 1278 decernimus,

230 1293 267 1348 ut
293 1299 403 1346 omnes
429 1277 572 1362 episcopi
591 1297 650 1343 seu
670 1279 846 1362 presbyteri
855 1267 918 1340 'vel
938 1277 970 1340 hi
991 1278 1044 1360 qui
1060 1275 1249 1359 judicandis
1275 1299 1393 1345 caum-

228 1386 299 1434 runr
324 1363 463 1451 negotiis
488 1372 639 1448 praesunt
662 1365 769 1428 solerti
791 1381 866 1428 cure
884 1361 1063 1446 invigilent,
1092 1371 1125 1426 et
1138 1363 1178 1425 'in
1198 1363 1392 1446 cujuscum-

229 1473 294 1538 que
313 1455 384 1518 loco
406 1443 580 1534 praemisda
598 1450 782 1533 sacrilegia,
810 1448 863 1512 vel
882 1445 1040 1529 quaelibet
1059 1448 1135 1530 alia,
1164 1465 1255 1530 quae
1288 1453 1390 1516 divina

228 1539 306 1623 lege
324 1538 523 1620 prohibentur
543 1537 595 1598 vel
621 1543 800 1600 sanctorum
820 1541 942 1616 patrum
963 1534 1109 1598 cohibent
1128 1533 1307 1619 instituta,
1337 1558 1389 1602 ve-

229 1619 379 1690 neranter
399 1639 542 1704 quosque
557 1620 590 1699 ι)
612 1629 668 1684 aut
686 1620 840 1684 iacientes
860 1620 1047 1701 repererint,
1069 1617 1312 1704 cujuscumque
1334 1625 1389 1686 sint

229 1710 358 1794 generis
378 1717 434 1770 aut
454 1705 658 1787 conditionis,
679 1706 786 1768 statim
806 1704 979 1768 secundum
998 1703 1230 1784 praedictarum
1253 1718 1388 1772 senten·

227 1796 342 1858 tiamm
363 1794 477 1856 seriem
498 1789 664 1854 emendare
685 1798 719 1854 et
739 1787 894 1870 extirpare
915 1809 977 1852 non
998 1788 1161 1870 differant,
1192 1799 1231 1852 et
1260 1793 1388 1875 insuper

231 1899 287 1962 ea,
317 1897 399 1960 quae
427 1879 458 1940 in
486 1876 598 1939 eodem
624 1877 694 1940 loco
723 1875 881 1958 sacrilegii
895 1874 929 1954 ⁸)
959 1874 1064 1937 oblata
1091 1875 1220 1957 luerint,
1255 1878 1288 1940 in
1312 1897 1387 1942 con-

230 1965 346 2028 vicinis
367 1959 514 2041 eeclesiis
534 1979 640 2024 coram
658 1959 755 2040 ipsis,
777 1961 829 2042 qui
850 1961 911 2024 hoc
930 1968 1007 2022 voto
1028 1959 1184 2042 sacrilego
1206 1960 1386 2026 dedicanda

230 2047 427 2112 crediderant
452 2045 597 2108 habenda
623 2042 775 2126 perpetim
801 2043 971 2106 offerantur
985 2044 1029 2125 l).
1077 2043 1170 2122 Quod
1198 2047 1228 2108 si
1255 2048 1384 2112 forsitan

228 2134 401 2214 episcopus
428 2137 485 2191 aut
510 2129 675 2212 presbyter
702 2146 762 2190 reu
790 2130 886 2192 etiam
907 2127 1008 2210 judex
1035 2128 1076 2192 ad
1097 2147 1190 2212 quem
1218 2132 1317 2198 locus
1337 2135 1383 2196 ille

227 2213 422 2299 pertinuerit,
442 2213 729 2276 manifestissimum
750 2231 791 2276 ac
811 2215 1063 2294 probatissimum
1083 2213 1263 2296 cujuspiam
1286 2217 1383 2283 sacri-

230 2302 307 2386 legii
324 2300 447 2364 facinus
466 2317 678 2380 praenoscens
699 2299 761 2362 hoc
782 2298 904 2362 ardenti
918 2308 994 2362 voto
1012 2301 1177 2363 emendare
1193 2304 1382 2386 neglexerit,

226 2387 293 2452 loci
313 2386 370 2450 sui·
383 2384 537 2468 dignitate
556 2383 699 2466 privatus
719 2383 793 2447 anni
812 2387 904 2449 unus
926 2387 1030 2466 spatio
1052 2387 1110 2448 erit
1130 2387 1189 2450 sub
1213 2391 1381 2467 poeniten-

157 2489 161 2498 ‘
230 2474 278 2538 tia
304 2473 517 2552 constitutus,
540 2471 611 2536 loco
639 2489 697 2534 suo
727 2469 975 2552 inpostmodum
996 2469 1167 2552 rediturus,
1195 2473 1328 2536 scilicet
1352 2483 1382 2538 ut

93 2573 99 2578 “
229 2559 263 2626 in
289 2557 401 2620 eodem
427 2566 586 2638 tempore,
615 2573 677 2636 quo
698 2555 749 2616 ille
771 2575 791 2618 a
810 2556 872 2618 loci
892 2557 942 2622 sui
962 2557 1128 2636 propulsus
1140 2557 1244 2637 ¹fuerit
1268 2559 1381 2643 officio,

231 2644 411 2725 specialiter
432 2642 608 2722 aprincipe
631 2642 781 2724 eligatur,
810 2642 863 2721 qui
891 2642 1000 2704 timore
1022 2641 1136 2703 domini
1155 2643 1271 2722 plenus
1295 2655 1332 2710 et
1351 2657 1384 2708 ut

230 2729 372 2792 Phinees
395 2727 546 2807 spirituali
559 2726 593 2804 ⁸)
622 2726 692 2788 zelo
721 2744 892 2790 accensus.
905 2743 977 2788 eum
1000 2723 1159 2805 judicibus
1188 2728 1321 2792 sibimet
1350 2741 1383 2794 ut

230 2811 365 2879 diximus
391 2810 510 2892 junctis
525 2809 559 2889 ο)
594 2818 628 2872 et
656 2812 854 2894 sacrilegium
888 2811 971 2891 quod
1002 2812 1178 2874 invenerint
1204 2816 1381 2878 omnimode

220 2896 468 2979 ,extirpcnaer
497 2897 536 2958 ab
566 2895 648 2956 omni
673 2897 787 2977 populo
814 2898 890 2958 iram
916 2895 1029 2975 domini
1057 2905 1194 2959 arceant.
1243 2898 1285 2960 Si
1314 2901 1380 2982 quis

228 3001 383 3064 ¹verotpro
404 2980 512 3042 talium
533 2978 715 3042 defensione
736 2981 891 3048 obstiterit
905 2981 960 3059 ¹⁰)
981 2981 1195 3046 sacerdotibus
1217 2991 1275 3049 aut
1295 2985 1381 3065 judi·

142 3116 153 3150 ,
229 3070 321 3132 cibus
341 3075 377 3130 ut
399 3083 439 3128 ee
459 3084 520 3127 nec
548 3063 715 3128 emendent
740 3075 777 3128 ut
804 3065 938 3146 debent,
966 3085 1027 3128 nec
1054 3069 1211 3149 extirpent
1237 3075 1276 3130 ut
1304 3089 1380 3134 con-

227 3152 341 3234 decet,
371 3159 406 3212 et
426 3169 489 3212 non
509 3147 615 3229 potius
637 3150 777 3213 cumeis
797 3151 1025 3232 exquisitores,
1046 3152 1172 3215 ultores
1196 3170 1257 3217 seu
1280 3157 1379 3218 extir-

228 3247 356 3322 patores
370 3235 449 3302 tanti
461 3234 597 3300 oriminis
614 3235 761 3317 extiterit,
779 3233 838 3298 sit¹
848 3236 882 3315 Ι)
899 3236 1066 3303 anathema
1085 3236 1117 3300 in
1131 3246 1309 3318 conspectu
1331 3243 1378 3302 in-

227 3322 378 3389 dividuae
409 3318 572 3406 trinitatis,
602 3329 636 3382 et
663 3322 804 3402 insuper,
833 3321 862 3382 si
886 3321 998 3384 nobilis
1018 3339 1153 3401 persone
1178 3322 1285 3404 fuerit,
1314 3325 1377 3389 auri

228 3410 324 3474 libras
344 3416 409 3470 tres
429 3406 643 3469 sacratissimo
660 3405 739 3468 flsco
759 3406 919 3486 persolvat
931 3405 1005 3487 ¹²),
1026 3407 1055 3468 si
1075 3406 1214 3490 inferior,
1236 3410 1375 3472 centenis

228 3492 411 3558 verberibus
440 3489 648 3572 flagellabitur
674 3509 714 3554 ac
744 3492 874 3570 turpiter
898 3489 1135 3574 decalvabitur,
1163 3500 1198 3558 et
1224 3489 1375 3556 medietas

226 3592 329 3642 rorum
347 3589 472 3638 suarum
489 3573 562 3639 fisci
581 3575 699 3638 viribus
720 3576 933 3657 applicabitur.

312 3780 406 3846 Sient
433 3777 537 3843 cordis
563 3777 767 3862 corporisque
790 3777 940 3841 munditia
964 3769 1107 3842 homines
1135 3777 1195 3841 deo
1220 3779 1371 3860 proximos

228 3861 321 3948 iacit,
348 3869 394 3930 ita
423 3865 599 3930 incestivae
619 3864 797 3946 pollutionis
818 3865 901 3926 actio
923 3883 944 3926 a
964 3862 1024 3925 deo
1047 3865 1166 3926 alienos
1187 3866 1316 3946 statuit,
1342 3871 1371 3928 et
1412 3863 1413 3912 l

228 3949 312 4014 sicut
338 3947 542 4013 sodomiticos
569 3950 702 4034 populos
729 3949 882 4011 horrenda
901 3949 1090 4030 nimiumque
1111 3947 1296 4012 detestande
1316 3969 1371 4032 pa-

229 4035 321 4100 tratio
342 4036 417 4117 igne
439 4035 571 4098 coelitus
592 4034 761 4097 confluenti
782 4032 959 4096 exurendos
980 4035 1012 4096 in
1032 4033 1210 4116 praeteritis
1223 4037 1238 4073 '1
1247 4033 1281 4112 ³)
1308 4043 1371 4098 tra·

229 4119 324 4210 didit,
350 4120 397 4182 ita
416 4120 532 4184 talibus
551 4117 751 4184 immunditiis
771 4117 913 4200 homines,
926 4119 1058 4194 ,deditos
1078 4126 1226 4184 aeternae
1246 4117 1372 4184 damna·

228 4259 427 4276 *-

266 4313 457 4406 r'anlg‘eeerat
468 4298 528 4394 su:
544 4339 577 4394 E.
589 4337 616 4392 t.
634 4336 668 4388 T.
679 4335 704 4392 1.
716 4309 808 4400 2.·‚et
830 4316 870 4388 lu.
915 4363 951 4378 -
1003 4339 1033 4408 t)
1057 4305 1089 4390 eo
1113 4353 1167 4392 cru.
1190 4337 1264 4393 all.
1295 4365 1332 4379 -

264 4406 278 4445 ⁸
311 4406 462 4468 imm„
490 4435 526 4448 -
566 4405 780 4488 ⁴)rottootrltl5
817 4435 855 4448 -
898 4403 1095 4477 ⁸)uoooaeltl.
1128 4437 1161 4455 -·
1204 4407 1369 4489 Ocaorllepc

264 4474 932 4614 ''mffifflfffflbfflpfflunhi
949 4504 989 4588 Ξ
1017 4476 1369 4616 riiafflimiiiraiiar]

244 4613 293 4681 ι1)
312 4616 597 4682 caritatetmatld.
638 4640 672 4654 -
717 4612 955 4682 ¹²)aeaolootll.
990 4641 1025 4656 -
1076 4615 1301 4684 ¹⁸)pcccotlrld.
1333 4643 1368 4658 -
