2916 5050
354 249 489 324 CODEX
510 255 733 326 EGCLESIAE
753 261 989 336 timorata
1032 277 1035 282 '
1186 275 1250 343 tou

133 429 264 499 XVIII.
295 429 336 495 Sl
355 434 429 515 poia
450 431 586 498 clericus
607 433 793 518 ordinatur,
815 442 938 502 monert
958 439 1051 508 dotet
1068 447 1248 516 amurca
1323 453 1330 468 '

198 537 348 594 amara,
383 525 417 580 ct
443 525 480 580 nt
507 519 690 601 corporibus
716 520 938 600 dcfitnctomm
964 527 1162 594 marcata
1180 553 1245 598 non

196 605 292 666 detur
318 623 379 665 nec
400 603 579 684 baptisma,
614 611 648 666 ct
667 611 707 666 ot
720 625 785 686 par
802 609 947 690 singulos
972 627 1073 674 annos
1094 637 1158 696 per
1178 637 1245 680 am.

162 705 170 712 ’
196 709 253 751 nco
267 690 456 771 provincias
479 689 524 755 ad
544 687 713 756 concilium
733 695 978 774 metropolitani
994 701 1213 767 conveniatur.

173 789 273 860 Cone.
296 789 467 854 eurtum.
489 807 517 854 c.
531 788 562 854 3.
583 790 622 854 6:
648 791 727 853 Item
748 791 997 872 placuit—nac
1017 798 1128 866 edere:
1149 811 1182 866 at
1202 825 1244 870 no
1327 813 1335 826 ⁸

78 875 150 958 jam
176 885 318 940 mortuos
344 875 488 938 homines
515 876 667 958 baptizari
694 875 790 940 faciat
816 883 1068 966 presbyterorum
1095 887 1243 970 ignavia:

82 982 142 1044 pro
165 981 229 1046 qua
248 981 282 1022 rc
304 959 547 1027 confirmandum
569 961 672 1024 estin
694 959 756 1024 hac
776 973 888 1031 sancta
909 969 1045 1052 synodo,
1067 979 1102 1034 ut
1123 991 1244 1041 secuu-

83 1047 163 1110 dum
178 1047 323 1110 Nicaana
337 1054 458 1110 statuta
475 1054 600 1126 propter
616 1065 731 1110 causas
748 1049 984 1118 ecclesiasticas
997 1087 1042 1098 —-
1055 1065 1091 1118 ut
1106 1076 1244 1144 congre-

82 1141 166 1216 gato
185 1139 341 1212 conventu
355 1131 449 1212 plena
462 1133 565 1212 possit
580 1151 655 1197 esse
672 1135 852 1198 auctoritas.
877 1135 975 1203 Cone.
990 1139 1096 1204 Carth.
1105 1144 1157 1208 111.
1172 1164 1200 1210 c.
1211 1147 1243 1214 2.

131 1263 228 1330 XIX.
258 1261 302 1326 ln
322 1264 352 1324 ai
368 1265 439 1346 qaia
461 1265 625 1346 episcopm
646 1277 825 1344 accinatur,
847 1269 893 1330 ud
904 1274 1088 1353 primatem
1100 1280 1203 1363 lpum

411 1350 604 1429 provinciae
625 1369 731 1414 cauca·
746 1353 920 1433 deseratur.

170 1449 270 1514 Cone.
291 1445 399 1511 Carth.
412 1451 463 1511 111.
486 1467 514 1512 c.
527 1449 556 1512 ⁷.

276 1565 353 1630 XX.
385 1567 437 1630 De
452 1565 650 1650 pnaadylcrto
671 1569 723 1633 acl
741 1567 868 1635 clericis
889 1557 1061 1642 accinctio.
1167 1592 1171 1600 '

173 1667 274 1732 Conc.
295 1667 402 1731 Carth.
416 1669 468 1736 111.
490 1688 518 1733 c.
533 1671 565 1734 8.

89 1832 99 1918 1
130 1787 228 1852 XXI.
267 1787 309 1852 Ut
328 1789 402 1872 filii
429 1787 910 1937 σίειίοονιιῇιιὲθὲιῆἔιέιιήιηοηίο
936 1793 998 1858 noa
1016 1799 1200 1888 jungantur

168 1965 269 2037 Conc.
291 1941 399 2038 Carth.
411 1975 463 2038 III.
483 1992 513 2038 c.
529 1973 580 2038 ta.

133 2091 240 2155 XXII.
276 2091 321 2154 Ut
349 2093 492 2176 episcopi
517 2092 569 2154 ccl
588 2087 699 2155 clerici
719 2094 755 2154 in
776 2111 847 2168 cos,
873 2097 929 2176 qui
954 2116 1018 2166 non
1044 2110 1119 2166 aunt
1144 2124 1200 2170 aa.

445 2177 574 2253 tltolici,
600 2176 686 2240 nihil
705 2179 882 2262 conserant.

168 2275 269 2346 cona
290 2268 586 2346 cerdaniam.

213 2393 342 2457 XXIII.
368 2394 411 2457 Ut
426 2400 567 2480 episcopii
580 2405 672 2462 trano
685 2415 776 2459 mccc
786 2417 849 2461 non
855 2402 1112 2482 proficiscantur.

173 2494 273 2559 Conc.
295 2495 401 2560 Carth.
415 2501 466 2562 111.
486 2517 513 2562 c.
526 2500 578 2563 28.

128 2613 257 2678 XXIV.
295 2615 337 2679 Ut
357 2624 490 2700 praeter
511 2619 689 2762 εσνίρῖιιναὲ
712 2617 885 2680 canonicos
905 2618 991 2679 nante
1008 2621 1044 2680 in
1064 2619 1199 2684 ecclesia

610 2721 670 2784 ega
687 2719 734 2762 ur.

171 2797 269 2862 Conc.
283 2799 390 2864 Carth.
401 2801 453 2864 III.
472 2819 500 2868 o.
514 2802 557 2864 47
573 2801 633 2882 (-
647 2801 827 2880 accepimus
845 2799 876 2862 in
892 2801 1031 2866 ecclesia
1051 2801 1188 2886 tegenda
1198 2805 1241 2890 ι).

125 2935 235 3000 XXV.
256 2933 308 2998 Dc
320 2937 476 3018 episcopis
490 2933 541 2996 nel
553 2935 755 3014 aequantibus
768 2933 941 3012 ordinibus,
962 2939 1018 3018 qui
1034 2949 1241 3008 sacrameto
1327 2955 1331 2962 '

201 3024 355 3104 mysterio
370 3026 581 3094 contrectant,
589 3018 719 3100 placuit
733 3020 773 3080 cl>
788 3021 939 3082 aceritus
954 3025 1113 3084 contineri
1122 3025 1166 3102 ²).

169 3123 317 3196 Aurelius
333 3124 502 3202 episcopus
518 3121 612 3183 dixit:
634 3117 788 3182 Addimus
804 3121 916 3182 fratres
930 3123 1082 3184 ca‘rissimi
1092 3123 1125 3202 3)
1146 3144 1242 3205 praa-

81 3215 196 3290 tcraa,
233 3228 303 3270 oum
337 3208 377 3270 dc
405 3206 596 3289 quorundam
624 3205 806 3270 clericorum
817 3249 827 3285 ,
861 3207 1005 3284 quamvis
1034 3209 1241 3292 lectorum⁴),

83 3312 165 3376 erga
184 3311 300 3356 uxoria
320 3294 461 3374 proprias
482 3292 705 3354 incontinentia
732 3277 912 3368 referretur,
938 3290 1070 3370 placuit,
1097 3294 1180 3371 quod
1208 3303 1241 3357 at

82 3379 117 3439 in
150 3377 285 3440 diversis
314 3377 455 3440 conciliis
486 3375 640 3438 firmatum
666 3382 737 3454 est,
769 3381 806 3433 ut
836 3372 1036 3455 subdiaconi,
1067 3378 1120 3457 qui
1150 3397 1242 3443 sacra

81 3465 236 3544 mysteria
251 3463 285 3543 ὅ)
319 3469 538 3542 contrectant,
573 3467 606 3522 et
619 3457 653 3536 ὓ)
688 3457 811 3520 diaconi
837 3467 871 3523 et
897 3459 1089 3542 presbyteri,
1122 3463 1182 3528 sed
1208 3473 1242 3528 ct

82 3547 229 3626 episcopi
250 3547 420 3609 secundum
442 3547 543 3626 priora
557 3544 591 3623 ἵ)
616 3551 737 3606 statuta
758 3545 852 3604 etiam
874 3543 913 3605 ab
936 3545 1084 3608 uxoribus
1104 3566 1142 3620 se
1163 3569 1243 3613 oon-

82 3633 208 3693 tineant
219 3676 230 3712 ,
255 3639 292 3691 ut
316 3640 462 3712 tanquam
488 3649 551 3690 nou
580 3629 734 3690 habentes
754 3627 920 3704 yideantur
937 3647 1043 3714 esse:
1072 3632 1155 3712 quod
1182 3635 1243 3696 nisi

82 3717 234 3798 fecerint,
261 3717 301 3779 ab
327 3715 545 3800 ecclesiastico
570 3720 789 3775 removeantur
815 3711 943 3776 officia·
975 3713 1111 3778 Ceteros
1137 3726 1242 3781 antem

87 3889 290 3912 μ

124 3999 154 4066 ¹)
175 3999 206 4050 Iu
222 4014 270 4050 ma.
289 3996 443 4050 Colbertino
461 3999 490 4049 et
504 3998 597 4049 nosco
613 4009 668 4046 uon
685 3998 746 4046 aunt
762 3993 815 4046 dno
832 3989 953 4046 Machat.
971 3991 1048 4058 libri,
1072 3994 1119 4047 sed
1136 3996 1243 4052 suntin

157 4067 247 4120 codice
270 4067 434 4131 Pithoeano,
458 4071 487 4118 et
509 4065 580 4134 apud
598 4063 776 4128 Augustinurn
799 4062 845 4130 (de
868 4063 951 4116 doctr.
975 4063 1063 4118 christ.
1073 4067 1119 4130 tt,
1137 4065 1197 4119 αθ.
1215 4072 1244 4120 et

158 4135 284 4190 Retractt,
295 4138 344 4201 IL,
362 4153 385 4188 c,
398 4137 447 4202 4.),
466 4135 512 4204 qni
531 4142 558 4187 et
572 4133 693 4186 interluit
709 4133 771 4186 hnic
788 4133 888 4200 synodo
907 4133 996 4186 Carth.
1006 4137 1051 4186 Ill.
1079 4135 1147 4187 Vide
1165 4136 1243 4190 etiarn

156 4207 189 4257 de
207 4205 277 4258 civit.
295 4206 340 4258 dei
357 4206 540 4260 attiliaco.
575 4202 663 4268 Hujus
681 4203 796 4256 canonis
806 4204 968 4271 exemplaria
988 4203 1105 4270 Graeca,
1124 4207 1244 4260 zonarae

78 4303 85 4314 ·
154 4281 182 4327 et
198 4274 373 4340 Balsamouis,
392 4280 420 4327 et
437 4291 485 4327 ms.
504 4278 594 4327 nostor
612 4289 742 4326 canonum
759 4274 887 4327 ecclesiae
905 4274 1040 4338 Graecae,
1059 4280 1086 4326 et
1103 4275 1185 4328 editio
1202 4275 1242 4328 Jo.

156 4343 233 4396 'ritui
257 4363 280 4398 a.
301 4344 389 4409 1546,
413 4349 440 4396 et
458 4343 562 4397 Graeca
585 4341 688 4395 Justelli
713 4343 834 4407 gemina,
857 4343 920 4394 itern
937 4341 1009 4394 Binii
1027 4344 1108 4397 aditio
1126 4345 1245 4414 attegia

159 4415 285 4470 omittunt
301 4414 385 4467 libros
396 4413 620 4466 Maclrabaeorom
638 4413 713 4463 duos.
736 4413 831 4464 Manui.
857 4439 893 4452 -
928 4411 957 4479 ²)
975 4412 1101 4465 abstineri
1116 4413 1246 4466 Burri.-

121 4481 152 4548 8)
171 4485 259 4536 naret.
276 4513 317 4550 ¹—
334 4485 466 4539 coracini
482 4483 577 4534 derunt
592 4482 621 4533 iu
638 4481 724 4534 Codd.
742 4481 818 4548 Hisp.
858 4506 893 4520 -
940 4480 971 4546 ⁴)
988 4484 1108 4534 lectonam
1126 4483 1200 4538 deust
1216 4481 1245 4532 in

154 4551 188 4606 C.
207 4553 284 4622 Hisp.
312 4583 348 4594 —
385 4553 413 4620 ⁵)
431 4553 576 4604 ministeriu
593 4551 677 4602 Hard.
695 4557 723 4601 et
740 4549 806 4601 inat.
836 4577 872 4588 -
907 4547 937 4614 ο)
955 4552 1017 4602 item
1041 4552 1123 4604 Hard.
1157 4577 1192 4589 -

128 4623 156 4686 ι)
175 4626 310 4674 sectandum
328 4625 437 4691 pccpriu
454 4629 567 4684 alciato,
586 4619 672 4672 miuus
687 4625 769 4672 recle.
797 4617 928 4671 Hardnin.
963 4645 998 4658 -

979 4701 1045 4760 il*
