2912 5060
380 257 628 350 'cnseuubr
656 257 1004 350 recensuerim.
1206 285 1270 370 229
1308 362 1310 364 ,

112 453 373 535 conjunctionem
388 455 479 536 pbnis
499 463 533 516 et
555 453 664 540 calicis
683 452 864 522 benedictio
882 444 912 516 iu
935 451 1081 536 populum
1102 455 1262 534 sequatur,

112 549 148 603 ct
168 541 246 602 tune
266 531 391 602 domium
414 539 550 620 eorporis
571 547 605 600 et
626 541 790 622 sanguinis
805 539 924 604 'domini
945 541 1177 601 sacramentnm
1204 557 1262 600 su·-

112 628 236 706 matnr,
271 645 309 686 eo
335 625 486 692 videlicet
507 623 621 696 ¹ordine
647 631 683 686 ut
710 625 860 688 sacerdos
889 633 922 686 et
947 624 1046 686 levita
1067 633 1142 686 ante
1163 624 1261 687 altare

112 711 358 791 commruricent,
379 711 409 772 in
431 706 526 772 choro
547 711 665 788 cleruS‚
688 719 778 773 extra
799 713 926 776 chorum
947 710 1089 791 populus

196 871 378 942 Perniciosa
398 879 594 942 consuetudo
622 883 830 962 nequaquam
849 887 901 941 est
925 878 1086 942 reticenda
1098 877 1133 959 ¹)
1139 924 1149 962 ,
1177 899 1258 961 quac

109 966 260 1046 majorum
281 973 405 1028 statuta
424 966 620 1045 praeteriens
646 983 769 1026 omnem
797 965 955 1028 ecelesiae
976 965 1113 1027 ordinem
1133 975 1257 1046 pertru—
1358 1025 1360 1032 s

66 1114 67 1121 χ
110 1052 210 1132 bavit,
231 1051 304 1112 dum
327 1052 378 1112 alii
398 1071 454 1130 per·
474 1052 623 1112 ambitum
643 1051 823 1114 sacerdotia
833 1049 867 1129 α)
887 1058 1050 1132 oppetunt,
1072 1049 1123 1113 alii
1144 1052 1256 1112 oblatis

110 1137 291 1198 muneribus
323 1131 538 1216 pontificatum
569 1145 752 1218 assumunt,
790 1137 926 1197 nonnulli
957 1137 1053 1200 etiam
1085 1137 1256 1198 sceleribus
1349 1159 1352 1168 ¹

111 1222 261 1302 implicati
292 1223 345 1282 vel
377 1221 532 1282 saeculari
563 1222 691 1282 militiae
725 1221 822 1284 dediti
835 1221 872 1299 i)
904 1221 1021 1302 indigui
1049 1220 1089 1282 ad
1109 1222 1255 1292 honorem

109 1304 269 1384 summi⁴l
302 1325 342 1368 ao
373 1308 458 1368 sacri
487 1305 602 1369 ordinis
634 1315 860 1388 pervenerunt3
895 1305 935 1366 de
968 1325 1098 1386 quomm
1131 1307 1255 1368 scilieet

109 1390 236 1469 casui)
252 1399 354 1474 ‘atque
375 1391 547 1454 remotione
568 1400 748 1472 oportuerat
768 1392 891 1474 quidem
910 1393 1130 1484 statuendum,
1149 1391 1253 1468 sed‘)

107 1477 299 1558 perturbatio
327 1477 550 1558 quamplurima
579 1477 736 1538 ecclesiae
763 1479 900 1538 oriretur.
945 1477 1130 1538 Praeteritis
1155 1477 1252 1537 omis-

106 1561 172 1644 sis,
193 1561 352 1642 deinceps.
364 1565 416 1644 qui
436 1582 499 1623 nou
519 1572 760 1644 promoveantur
780 1561 820 1624 ad
840 1561 1050 1624 sacerdotium
1073 1583 1114 1623 ex
1135 1560 1253 1646 regulis

111 1667 265 1709 canonum
284 1649 464 1710 necessario
487 1648 642 1710 oredimus
663 1649 876 1710 inserendum:
898 1647 931 1708 id
952 1657 1003 1710 est
1025 1649 1127 1728 quiin
1150 1649 1251 1728 aliquo

109 1733 238 1795 crimine
253 1732 422 1812 demetii)
441 1731 530 1813 sunt,
558 1735 610 1814 qui
631 1734 776 1796 infamiae
796 1743 871 1794 nota
892 1735 1014 1812 aspersi
1033 1730 1169 1813 sunt⁸)‚
1200 1731 1257 1814 qui,

109 1819 234 1881 scelera
260 1819 363 1899 aliqua
389 1839 448 1900 per
472 1819 628 1900 publicam
661 1821 886 1900 poeniteutiam
918 1818 1083 1882 admisisse
1114 1817 1252 1880 corriessi

106 1907 202 1986 sunt,
230 1904 282 1984 qui
308 1903 339 1965 iu
360 1905 516 1966 haeresim
535 1899 616 1986 lapsi
638 1914 726 1988 suut,
740 1902 744 1906 ’
758 1905 810 1986 qui
831 1907 863 1966 in
884 1905 1006 1968 haeresi
1025 1904 1177 1988 baptizati
1196 1913 1252 1966 aut
1328 1984 1329 1987 Ἴ

108 1990 295 2069 rebaptizati
321 2009 396 2052 esse
425 1999 617 2072 noscuntur,
650 1991 702 2071 qui
728 1992 918 2070 semetipsos
945 1985 1163 2070 absciderunt,
1196 1997 1252 2051 aut

108 2075 239 2136 naturali
260 2074 389 2138 deiectu
406 2077 611 2147 membrorum
632 2085 687 2138 aut
708 2075 867 2140 decisione
880 2075 913 2153 9)
934 2075 1048 2158 aliquid
1069 2077 1171 2144 miuus
1191 2076 1252 2136 ha-

108 2155 183 2244 bere
204 2171 384 2243 noscuntur,
402 2165 455 2243 qui
476 2158 636 2223 secundae
657 2163 764 2239 uxoris
779 2161 1027 2242 conjunctionem
1049 2162 1151 2225 sortiti
1168 2169 1252 2242 sunt,
1347 2161 1351 2169 '

110 2255 166 2308 aut
185 2265 349 2307 numerosa
371 2246 518 2330 conjugia
536 2248 771 2330 frequentarunt
786 2245 852 2327 ¹⁰),
883 2247 935 2327 qui
955 2247 1082 2314 viduam
1102 2247 1156 2306 vel
1182 2265 1252 2308 ma-

109 2331 168 2392 rito
188 2332 328 2393 relictam
350 2332 504 2394 duxerunt
525 2341 580 2394 aut
600 2341 810 2412 corruptarum
833 2333 934 2392 mariti
954 2331 1088 2412 fuerunt,
1105 2332 1157 2413 qui
1174 2349 1253 2394 eon—

83 2413 241 2478 ·cubinas
268 2416 310 2478 ad
337 2417 623 2496 fomicatioues¹¹)
655 2419 846 2498 habuerunt,
873 2417 926 2501 qui
955 2418 1062 2478 servili
1087 2415 1255 2480 conditioni

76 2510 78 2514 ’
111 2501 237 2562 obnoxii
256 2510 345 2582 sunt,
368 2505 420 2591 qui
440 2504 541 2588 ignoti
562 2509 650 2584 sunt,
674 2504 728 2584 qui
747 2503 898 2586 neophyti
918 2503 974 2562 vel
991 2503 1064 2563 laici
1083 2510 1172 2582 suut,
1200 2501 1254 2584 qui
1290 2493 1301 2530 ‘⁶

109 2587 265 2649 saeculari
284 2588 412 2650 militiae
432 2588 529 2650 dediti
551 2595 640 2669 sunt,
668 2588 721 2669 qui
741 2589 845 2650 curiae
865 2587 999 2648 nexibus
1019 2585 1148 2668 obligati
1168 2595 1252 2668 sunt,

110 2673 164 2754 qui
187 2671 279 2734 inscii
303 2673 462 2736 literarum
488 2682 579 2756 sunt,
606 2673 658 2755 qui
683 2673 818 2734 nondum
845 2673 885 2736 ad
911 2673 1038 2754 triginta
1060 2691 1158 2733 annos
1178 2673 1253 2752 per-

107 2764 278 2838 veuemnt,
307 2759 360 2843 qui
385 2777 442 2840 per
466 2757 585 2842 gradus
613 2759 853 2822 ecclesiasticos
881 2775 942 2818 non
968 2757 1174 2842 accesserunt
1188 2757 1253 2835 η)“

109 2843 161 2924 qui
182 2843 300 2905 ambitu
320 2844 470 2907 honorem
491 2853 654 2925 quaemnt‚
676 2845 729 2926 qui
749 2843 927 2906 muneribus
943 2843 1092 2905 honorem
1114 2839 1254 2904 obtinere

109 2929 295 3008 moliuntur,
330 2931 382 3010 qui
410 2951 430 2992 a
455 2930 686 3006 decessoribus
703 2931 734 2990 in
747 3007 751 3010 .
762 2928 973 2994 sacerdotium
999 2930 1157 3012 eliguntur
1175 2928 1252 3008 ¹³);

110 3011 170 3074 sed
189 3032 251 3074 nee
269 3013 321 3074 ille
342 3015 493 3096 deinceps
513 3013 664 3078 sacerdos
685 3015 761 3098 erit,
794 3017 886 3096 quem
906 3034 966 3076 nec
989 3017 1091 3076 clerus
1111 3033 1172 3076 uec
1192 3031 1254 3094 po-¹

110 3099 202 3180 pulus
223 3100 365 3180 propriae
386 3101 526 3164 civitatis
547 3101 661 3184 elegit,
684 3099 810 3179 eecli)
833 3101 1004 3162 auotoritas
1025 3099 1255 3180 metropolitani

11 3249 14 3254 Δ
110 3183 163 3244 vel
191 3187 493 3264 comprovincialium
513 3181 566 3264 15)
602 3186 802 3251 sacerdotum
831 3187 974 3247 assensio
1005 3187 1176 3266 exquisivit
1190 3179 1253 3264 10).

109 3267 306 3350 Quicumque
326 3269 422 3354 igitur
437 3271 589 3351 deinceps
602 3271 650 3354 ,ad
671 3263 807 3332 ordinem
821 3269 989 3333 sacerdotii
1004 3269 1179 3354 postulatur
1189 3274 1200 3306 ¹
1210 3265 1255 3349 i),

111 3363 145 3416 et
165 3355 197 3415 in
217 3353 266 3416 his
273 3401 283 3436 ‚
311 3366 392 3436 quae
413 3355 576 3440 praedicta
591 3356 645 3436 18)
672 3363 770 3434 sunt,¹
792 3355 968 3436 exquisitus
990 3356 1021 3414 in
1042 3353 1132 3415 nullo
1146 3353 1255 3416 horum

109 3437 325 3524 deprehensus
359 3443 454 3506 fuerit
493 3449 589 3524 atque
627 3435 825 3502 examinatus
857 3440 1023 3521 probabilis
1059 3439 1127 3502 vite
1158 3447 1257 3524 atque

110 3525 252 3586 doctrina
267 3523 322 3602 ¹⁰)
343 3527 500 3608 extiterit,
529 3521 605 3590 tun'c
626 3525 799 3590 secundum
820 3523 984 3608 synodalia
1010 3526 1063 3586 vel
1086 3523 1258 3598 decretalia

109 3609 285 3670 constituta
301 3625 372 3672 cum
391 3613 525 3674 omnium
546 3605 727 3676 clericorum
742 3613 795 3673 vel
811 3611 926 3672 civium
939 3613 1104 3672 voluntate
1123 3613 1161 3673 ab
1184 3609 1256 3672 uni:

111 3694 215 3754 versis
236 3689 550 3773 comprovincialibus
567 3697 790 3780 episcopis²⁰)
806 3705 860 3758 aut
880 3705 967 3758 certe
987 3693 1127 3758 a'tr‘ibus
1148 3697 1178 3758 in
1200 3715 1256 3758 sa-

110 3777 284 3864 cerdotium
301 3779 354 3867 [die
374 3783 530 3862 dominica
549 3781 1116 3863 consecrabitur,conniventibus²¹)
1131 3779 1258 3860 ceteris,

109 3937 308 3967 ·-,-·—-
1147 3963 1152 3992 3
1179 3963 1183 3976 ,
1214 3965 1217 3974 ,

146 4016 175 4082 1)
192 4016 336 4082 recipiendo
353 4017 382 4070 in
401 4021 490 4072 mill.
526 4050 560 4061 -
601 4021 631 4088 2)
648 4019 817 4072 sacrdotium
834 4020 870 4071 Μ.
905 4047 940 4058 ·-
976 4017 1006 4084 ³)
1022 4019 1195 4070 soecularibus
1214 4020 1260 4068 de-

179 4085 228 4136 diti
244 4086 272 4137 lu
290 4103 325 4140 m.
341 4089 378 4146 Μ.
398 4083 444 4130 2-
480 4092 649 4158 fiscannium
664 4093 701 4144 Μ.
725 4121 760 4132 -·-
796 4089 825 4155 ⁵)
843 4087 1016 4143 clemoium.
1034 4091 1071 4142 Μ.
1097 4095 1149 4128 -“
1168 4087 1197 4152 θ)
1215 4089 1259 4136 sed

179 4169 211 4205 oe
233 4156 288 4224 Μ.)
299 4159 352 4224 alia
367 4174 431 4212 usus
448 4159 660 4230 interpunctione
679 4161 818 4212 verborum
835 4158 1009 4228 sequentium.
1044 4188 1078 4196 -
1120 4157 1149 4224 ⁷)
1167 4157 1262 4230 deterrit

180 4224 208 4276 iu
224 4241 259 4276 m.
276 4225 315 4277 M.
357 4227 399 4268 -‘
447 4227 476 4294 8)
499 4228 605 4284 Verba:
629 4233 672 4297 quoi
694 4231 740 4296 inf.
759 4236 819 4280 uolo
836 4229 966 4296 uepsurnl
984 4228 1077 4280 desunt
1095 4243 1136 4293 ap.
1153 4227 1192 4277 Μ.
1225 4253 1260 4265 —

146 4293 175 4360 9)
201 4295 340 4362 desectione
362 4297 389 4348 in
408 4314 442 4348 nr.
459 4298 496 4350 Μ.
537 4332 583 4344 -.
614 4300 663 4367 19)
681 4307 726 4350 ortt
743 4315 809 4350 rrrrnt.
827 4300 890 4368 conj.
908 4297 1040 4364 fremeret*
1059 4297 1133 4348 deest
1149 4295 1176 4344 in
1194 4295 1260 4346 Luc.

145 4359 195 4427 11)
213 4361 425 4419 cartennensem
441 4364 598 4434 fornicarius
616 4369 642 4420 in
656 4361 694 4420 ἠιξ
712 4369 752 4420 Μ.
791 4381 839 4406 -’
875 4367 925 4436 1²)
947 4367 1110 4418 ascenderunt!
1127 4359 1199 4415 ibid.¹
1213 4351 1262 4403 ‘—

106 4485 114 4508 „
144 4429 194 4495 18)
212 4433 239 4482 ln
258 4436 456 4501 episcopussub
473 4441 621 4492 orrlbrenlnr
638 4439 697 4490 add.
715 4437 742 4489 in
761 4453 794 4488 m.
811 4437 848 4487 Μ.
871 4467 905 4476 -
939 4435 988 4503 14)
1004 4439 1106 4502 clcporr't
1121 4435 1160 4484 vel
1177 4433 1214 4484 M.
1225 4463 1261 4505 v-

144 4499 195 4610 12)
213 4503 408 4580 nrnmrroialtcm
425 4508 465 4570 A„
482 4515 509 4572 et
527 4511 564 4562 Μ.
592 4538 627 4548 -
661 4508 710 4590 ιθ)
729 4518 844 4557 ussorrsns
862 4521 912 4558 noro
930 4507 1066 4573 eeqrrisioil
1081 4505 1108 4557 in
1122 4521 1160 4586 pr.
1179 4501 1216 4554 m:
1228 4535 1261 4543 α

167 4569 1264 4718 ³tntlt.l·-n,l.t-tt‘tl‘12'2‘12‘t·..lloattint‘llll
