2880 5050
1420 165 1421 200 l

212 433 319 500 odioto
345 431 387 503 ad
411 433 553 518 propriso
579 431 743 496 semiustis
766 429 879 516 iugum
907 431 1009 496 nouis
1028 433 1171 498 omnibus
1191 428 1380 496 mdnoenui

212 530 305 602 sunt,
331 520 468 602 qualiter
487 528 543 582 aut
562 518 694 582 dominis
714 518 782 580 suis
802 518 832 580 si
852 520 1041 598 superstites
1060 526 1149 599 sunt,
1178 526 1239 582 ant
1260 537 1379 582 sotrum

212 603 1378 769 miserm‘¹⁰slsls.³msts.lmts‘nn
1419 557 1421 696 l

212 777 267 860 qui
299 793 356 856 pro
390 775 568 838 accidentia
598 771 770 856 jurgiorum
799 773 908 838 altaria
935 773 1054 836 nudare
1079 781 1290 854 proesumunt
1319 775 1373 836 vel

211 862 372 926 mene
392 860 549 923 eeclesiae
568 859 763 920 subtrabunt.
803 856 947 924 Octavus
971 879 1096 941 quoque
1123 879 1226 922 emron
1254 861 1373 941 sequi·
1419 875 1421 936 l

211 955 282 1012 tur:
314 948 368 1012 Ne
388 945 577 1008 admonente
596 943 833 1023 metropolitano
853 944 1019 1025 quisquam
1039 964 1081 1008 ex
1101 944 1309 1008 confinitimis
1331 945 1370 1008 od

211 1033 316 1096 locum
345 1032 399 1093 ubi
424 1031 572 1096 invitemur
597 1029 706 1090 venire
734 1037 922 1092 contemnat.
963 1031 1076 1094 Nonus
1106 1038 1233 1111 quoque
1263 1049 1369 1093 canon

211 1118 436 1198 subsequitur:
483 1115 534 1176 De
574 1112 808 1178 confirmatione
848 1115 972 1176 concilii
1008 1115 1151 1178 Toletani
1184 1114 1369 1180 duodecimi

181 1201 296 1286 'qaod
324 1203 443 1266 iactum
471 1207 524 1262 ost
550 1217 631 1262 euno
660 1197 759 1279 primo
787 1198 906 1284 gloriae
924 1208 1069 1264 nostroe.
1108 1201 1265 1264 Decimus
1294 1202 1367 1266 buio
1420 1277 1421 1280 Ἴ

212 1305 315 1352 anon
341 1285 534 1368 adjungitur,
563 1285 617 1348 ubi
642 1283 771 1364 speciali
798 1286 955 1348 sententie
980 1285 1144 1366 delinitur,
1167 1293 1278 1350 utrum
1307 1306 1367 1348 au-

213 1371 310 1436 dent
335 1367 509 1434 ministrnm
540 1370 573 1432 hi
605 1369 658 1452 qui
682 1370 907 1451 poeniteutiam
933 1371 965 1434 in
990 1369 1166 1436 sacerdotio
1199 1373 1364 1435 constituti

211 1458 379 1538 occipiunt.
408 1455 600 1520 Undecimus
620 1474 745 1537 quoque
766 1473 866 1518 canon
887 1455 1035 1520 babetur:
1061 1457 1115 1518 Ne
1133 1455 1206 1536 quis
1228 1457 1356 1520 euenum

212 1543 359 1608 clericum
379 1542 431 1604 vel
452 1541 637 1604 monachum
657 1541 811 1620 suscipiet
830 1540 1012 1622 fugientem.
1053 1541 1266 1604 Duodecimus
1283 1549 1359 1620 post

212 1629 294 1692 beeo
314 1629 415 1691 moon
434 1627 598 1690 scribiturt
625 1625 675 1688 Ile
695 1645 759 1688 non
779 1625 1085 1690 excommunioeudis
1106 1645 1126 1690 a
1144 1628 1271 1708 proprio
1292 1627 1362 1706 epi-

213 1733 314 1794 soopo
334 1713 477 1793 personis
496 1712 566 1792 illis,
587 1729 668 1792 quse
688 1711 730 1774 ad
750 1711 1020 1791 metropolitouum
1040 1731 1132 1776 suum
1151 1712 1291 1794 negotia
1307 1731 1366 1774 sua
1420 1737 1421 1770 l

212 1799 399 1883 suggesturi
413 1796 447 1876 ²)
479 1796 681 1860 accesserint.
743 1796 878 1860 Ultimus
908 1805 943 1858 et
973 1797 1114 1861 decimus
1145 1799 1259 1860 tertius
1291 1805 1365 1877 post

211 1885 296 1948 bunc
324 1902 427 1946 canon
452 1883 675 1962 subsequitur:
706 1881 757 1944 De
786 1882 936 1944 relatione
962 1883 1129 1964 gratianum
1136 1927 1147 1963 ,
1176 1881 1260 1964 quae
1290 1891 1365 1963 post

209 1970 421 2054 peractionem
442 1969 564 2030 concilii
583 1965 643 2028 deo
665 1974 699 2027 et
719 1967 849 2046 principi
869 1969 1095 2046 persolvuntur.

294 2052 385 2130 Quae
420 2051 523 2114 omnia
556 2051 730 2131 praemissa
763 2051 928 2132 synodolia
964 2053 1190 2116 institutionum
1228 2047 1366 2114 decreta

211 2157 234 2200 a
252 2137 411 2217 praesenti
437 2135 488 2198 die
516 2136 570 2198 vel
598 2143 739 2214 tempore
762 2136 846 2198 omui
874 2155 950 2200 cura
976 2131 1129 2218 omnique⁸
1146 2135 1317 2218 vigilantia
1330 2136 1363 2214 ³)
1420 2145 1421 2156 ¹

212 2241 270 2304 por
303 2229 436 2284 cunctas
467 2221 558 2302 regni
592 2221 690 2282 nostri
718 2222 894 2302 pronuncias
923 2222 1120 2286 decernimus
1150 2221 1363 2302 observanda,

211 2307 344 2390 qunliter
373 2316 406 2368 et
432 2306 631 2386 perspicuum
659 2305 856 2368 auctoritatis
882 2307 1195 2390 validaefastigium
1222 2307 1362 2374 subeant
1420 2309 1421 2396 l

212 2401 247 2456 et
268 2400 419 2473 perpetuo
440 2392 559 2474 vigoris
580 2389 685 2452 ordine
705 2391 839 2454 solidata
857 2395 1036 2474 persistant.
1073 2391 1282 2470 Quamobrem
1304 2411 1363 2456 so·-
1420 2409 1421 2481 l

106 2503 107 2509 ¹
211 2497 285 2544 orae
314 2476 407 2557 hujus
435 2478 518 2559 legis
547 2476 671 2540 oraoulo
698 2478 841 2540 omnibus
868 2479 1055 2560 generaliter
1080 2475 1238 2559 religiosis
1263 2485 1363 2558 atquo

212 2565 306 2628 etiam
337 2564 426 2626 laicis
454 2563 513 2624 sub
540 2564 630 2645 regni
655 2562 754 2624 nostri
781 2561 896 2624 ditione
924 2565 1120 2626 manentibus
1145 2561 1364 2627 interdicimus

86 2645 93 2660 '
209 2650 325 2730 pariter
351 2657 386 2710 et
399 2679 401 2684 ·
407 2645 568 2727 jubemus,
596 2656 633 2708 ut
657 2646 818 2727 praedicta
843 2649 1006 2730 synodalis
1033 2658 1128 2731 gesto
1152 2647 1255 2712 nullus
1277 2665 1364 2710 oon-

211 2742 331 2804 temnst
343 2777 353 2813 ‚
378 2733 482 2796 nullus
509 2733 603 2794 etiam
635 2734 802 2812 praeterire
828 2743 884 2796 aut
910 2735 1086 2796 convellere
1107 2732 1239 2812 audeat,
1264 2752 1362 2794 nemo

210 2828 306 2901 notus
338 2819 446 2880 buum
482 2819 735 2880 constitutionum
766 2816 837 2898 jure
866 2820 1026 2900 resolvet,
1056 2837 1146 2882 nemo
1176 2817 1361 2901 incognitus

209 2905 403 2966 nescientiae
423 2921 502 2964 suae
524 2899 697 2981 objectibus
719 2921 873 2967 excusare
882 2903 916 2984 ι)
936 2903 1099 2986 conjiciam
1125 2921 1197 2964 nam
1219 2921 1239 2964 a
1261 2922 1360 2982 prae·
1419 2893 1420 2926 ³

209 2997 379 3064 memorato
399 2988 543 3067 superius
558 2986 609 3048 dio
630 2995 663 3048 et
684 2997 824 3069 tempore
844 2997 878 3050 et
898 2991 1092 3054 auctoritatis
1106 2987 1229 3052 debitae
1244 2988 1361 3071 vigore

208 3075 369 3156 pollebunt
389 3081 423 3134 et
441 3073 669 3134 institutionum
690 3091 816 3134 suarum
836 3077 954 3156 regulis
970 3084 1151 3138 cunctorum
1168 3075 1361 3136 universitas

209 3159 429 3240 adstringetur.
472 3157 509 3219 si
535 3159 606 3238 quis
635 3165 741 3220 autern
770 3155 862 3237 hujus
889 3169 1015 3222 nostrae
1038 3161 1120 3242 legis
1140 3159 1274 3222 violator
1295 3177 1360 3222 ex-

104 3321 107 3326 *
207 3246 305 3308 titerit
325 3263 366 3306 ao
384 3261 446 3304 uon
468 3243 573 3322 potius
587 3262 720 3324 eaquae
740 3245 915 3322 praemissa
934 3255 1009 3308 sunt
1028 3244 1221 3325 custodierit,
1234 3251 1266 3304 et
1284 3243 1359 3306 diu-

209 3331 305 3394 tinam
337 3323 577 3390 eoclesia'sticae
612 3327 794 3408 disciplinae
829 3329 1181 3393 excommunicationem
1208 3329 1359 3410 occipiat,

135 3417 138 3430 '
209 3424 244 3476 et
264 3415 416 3476 decimam
438 3422 555 3492 partem
576 3414 621 3474 rei
643 3432 721 3476 suae
749 3413 820 3475 fisci
845 3417 983 3494 partibus
1011 3414 1192 3478 sociandam
1222 3416 1358 3476 amittet.

209 3497 301 3576 Quod
316 3499 344 3560 si
366 3498 439 3578 nihil
460 3498 602 3558 habuerit
617 3498 778 3560 facultatis
795 3499 877 3563 unde
892 3501 1082 3580 praedictam
1097 3501 1357 3580 compositionem

207 3583 387 3665 persolvere
408 3583 527 3662 possit,
556 3583 676 3662 absque
696 3583 799 3662 eliquo
820 3584 945 3648 infamio
966 3587 1015 3647 sui
1037 3585 1264 3667 quinquaginta
1284 3603 1356 3646 eum

154 3717 157 3726 ,
207 3669 361 3751 oportebit
379 3666 494 3728 ictibus
514 3667 686 3756 verberari
723 3667 827 3746 Hujus
855 3671 950 3752 igitur
978 3673 1060 3753 legis
1087 3679 1213 3732 nostrae
1243 3669 1357 3732 decre-

208 3765 285 3834 tum,
302 3751 383 3834 quod
399 3753 430 3813 in
445 3750 748 3830 confirmationem)
763 3752 855 3832 hujus
875 3757 957 3818 sacri
978 3757 1100 3818 concilii
1121 3755 1263 3816 noscitur
1281 3773 1354 3834 pro-

206 3841 397 3921 mulgatum,
424 3837 580 3920 gloriosae
606 3857 717 3900 manus
747 3847 875 3900 nostrae
899 3845 1084 3903 exaratione
1111 3837 1348 3918 subscripsimus

208 3933 243 3988 et
262 3924 304 3986 ad
322 3941 491 4002 perennem
511 3925 688 3986 memoriam
708 3924 846 3986 valorem
868 3926 904 4007 ei¹
919 3935 1103 4006 perpetuum
1122 3923 1312 3987 innodamus.

297 4008 393 4070 Edita
425 4007 478 4068 lex
505 4008 536 4068 in
567 4007 797 4070 confirmatione
824 4011 947 4072 concilii
976 4012 1088 4074 'l'oleto
1117 4009 1176 4072 sub
1201 4008 1254 4070 die
1281 4007 1355 4072 idus

207 4094 397 4158 Novembris
430 4109 486 4154 ere
512 4091 687 4154 Dccxxr.
709 4106 790 4154 anno
818 4113 942 4177 quoque
968 4097 1101 4160 feliciter
1128 4101 1237 4177 quarto
1267 4093 1356 4177 regni

206 4179 326 4264 glorium
346 4184 473 4240 nostrae
494 4177 526 4240 iu
545 4175 597 4240 dei
616 4177 740 4241 nomine
753 4175 797 4256 ο).
1104 4234 1106 4248 ,

212 259 281 334 ers
336 349 340 364 ,
469 239 1110 334 eorummrroom‘umuuxm

208 4321 405 4344 W-

245 4397 272 4465 Ι)
290 4397 408 4448 seruituti
427 4397 463 4449 Μ.
495 4427 534 4440 -
567 4397 596 4464 2)
614 4403 778 4464 supposturoc
793 4397 830 4450 Μ.
866 4427 900 4438 -
941 4399 969 4466 ³)
988 4401 1120 4466 dilipentio
1136 4401 1174 4453 M.
1209 4429 1245 4438 —
1281 4397 1311 4466 ⁴)
1329 4415 1357 4450 se

274 4467 335 4522 add·
351 4467 389 4519 M.
424 4495 459 4506 -
502 4465 532 4534 ὅ)
549 4466 738 4531 cooflmrntirme
754 4465 792 4536 M.
833 4495 867 4508 -
920 4469 949 4535 ο)
968 4471 1089 4553 Eroipiuo
1104 4485 1154 4554 reu
1171 4469 1231 4524 odd.
1249 4469 1287 4524 M.
1322 4499 1356 4510 -

652 4659 944 4678 m
