2880 5050
198 225 265 298 816
471 219 713 294 contortum
733 220 1005 290 ’romeam
1023 223 1080 292 xi

198 393 405 480 amittatur,
425 393 594 480 unicuique
613 394 728 462 divinis
744 394 944 480 singulariter
961 392 1075 460 officiis
1093 392 1258 460 insistenti
1278 412 1367 478 per·

198 485 321 549 niciosa
339 481 447 564 passio
467 483 521 546 vel
542 481 681 564 corporis
701 483 861 564 quaelibet
877 480 1027 546 valetudo
1039 480 1072 561 ι)
1091 489 1247 563 occurrat,
1271 501 1366 564 quae

199 577 256 634 aut
275 587 389 650 eorpus
408 567 512 632 subito
534 568 640 630 subrui
659 568 756 632 iaciat
777 575 833 630 aut
851 575 989 630 mentem
1010 567 1197 630 alienatione
1210 567 1269 628 vel
1288 576 1365 632 ter-

197 674 283 720 rore.
296 653 475 718 confundat.
521 653 584 716 Pro
612 652 790 736 hujusmodi
816 671 893 736 ergo
919 653 1047 716 casibus
1072 653 1309 733 praecavendis
1326 654 1364 733 ²)
1420 659 1421 674 ³

199 739 414 806 necessarium
434 737 579 800 dummus
601 739 781 821 instituere,
809 746 845 800 ut
871 738 925 801 ubi
950 740 1100 819 temporis
1119 738 1173 800 vel
1193 737 1261 800 loci
1281 741 1361 804 sive

198 827 277 892 cleri
297 826 390 907 copia
409 822 609 908 suffragatur,
631 823 749 888 habeat
769 841 893 904 semper
915 824 1057 905 quisquis
1075 823 1127 886 ille
1148 841 1273 888 canorm
1294 825 1361 888 deo

198 920 297 995 atque
317 909 499 974 sacrificans
519 917 594 991 post
613 927 651 974 se
671 910 767 974 vicini
786 909 946 974 solaminis
966 907 1155 990 adjutorem,
1185 917 1223 972 ut
1241 911 1275 972 si
1294 912 1361 974 eli-

197 1015 264 1080 qun
292 1013 371 1062 casu
398 996 465 1077 ille,
490 995 545 1076 qui
573 991 678 1060 officia
703 995 886 1076 impleturus
911 993 1053 1078 accedit,
1082 995 1228 1058 trrrbatus
1259 995 1358 1060 inerit

199 1083 255 1148 vel
275 1081 317 1147 ad
336 1090 449 1146 terram
470 1079 590 1162 eliens,
626 1099 646 1147 a
672 1089 763 1166 tergo
794 1097 919 1162 semper
944 1079 1061 1146 lrabeat
1079 1081 1135 1163 qui
1154 1077 1227 1163 ejus
1246 1082 1356 1148 vinem

198 1175 392 1252 exsequetur
410 1165 582 1249 intrepidus
592 1163 637 1247 ⁸).

285 1368 430 1434 Peractis
456 1367 612 1450 omnibns,
641 1383 723 1450 quae
751 1365 792 1431 ad
818 1367 1044 1432 correctionem
1064 1367 1162 1432 nostri
1182 1371 1297 1437 ordinis
1314 1373 1345 1437 in

197 1455 262 1521 too
289 1456 421 1522 coneilio
442 1455 638 1538 promulgata
657 1460 749 1536 sunt,
775 1454 894 1536 placuit
914 1451 1055 1536 definire,
1083 1461 1120 1517 ut
1140 1459 1275 1538 paternis
1291 1459 1338 1520 in-

197 1542 414 1606 stitutionibus
436 1543 647 1624 obsequentes
658 1538 693 1617 ⁴)
715 1537 797 1602 omni
818 1559 899 1603 armo
921 1539 962 1604 ad
982 1540 1195 1624 peragendam
1218 1545 1344 1607 celebri-

199 1635 299 1692 tatem
327 1627 451 1692 concilii
478 1628 511 1688 in
535 1624 772 1707 metropolitane
796 1625 898 1706 sede,
927 1634 1082 1708 tempore,
1113 1646 1174 1710 quo
1202 1631 1350 1712 principis

196 1713 256 1776 'vel
284 1711 512 1794 metropolitani
537 1711 650 1774 electio
677 1709 844 1794 definierit,
878 1709 1003 1774 devotis
1030 1729 1155 1796 semper
1180 1715 1350 1778 animorum

200 1799 317 1864 studiis
343 1799 536 1862 confluamus
553 1795 609 1878 ⁵),
644 1814 705 1859 nec
732 1797 920 1879 quibuslibet
945 1798 1103 1880 requisitis
1130 1802 1350 1865 occasionibus

203 1886 419 1965 absentemur,
446 1883 506 1946 sed
527 1883 556 1944 in
577 1880 763 1962 praefato⁶)
790 1882 857 1966 die,
881 1900 942 1964 quo
961 1883 1110 1946 indictum
1130 1885 1238 1968 fuerit,
1269 1887 1350 1950 adu-

198 1972 283 2034 natis
309 1971 342 2031 in
365 1968 602 2049 metropolitana
629 1966 707 2029 sede
733 1967 874 2030 omnibns
899 1968 1078 2048 provinciae
1092 1967 1125 2048 r)
1151 1971 1349 2052 pontificibus
1420 2045 1421 2048 Ἴ

200 2055 366 2119 concilium
388 2055 448 2116 deo
468 2051 614 2132 praesule
635 2052 817 2114 celebretur.
837 2050 998 2136 ¹Quisquis
1012 2063 1117 2116 autem
1133 2058 1346 2139 episcoporum
1420 2067 1421 2112 l

200 2148 339 2221 excepta
359 2137 529 2200 inevitabili
546 2155 645 2199 causa
657 2137 711 2197 vel
731 2137 926 2200 necessitate
947 2139 988 2200 de
1008 2141 1189 2224 peragendo
1212 2161 1249 2206 se
1269 2165 1343 2209 con·
1420 2161 1421 2168 ¹

199 2225 272 2289 cilio
293 2223 517 2304 absentaverit,
537 2223 629 2284 unius
650 2221 722 2283 anni
738 2223 1060 2287 excommunicatione
1079 2228 1266 2308 plectendus
1283 2237 1338 2290 est.

200 2309 294 2390 Quod
318 2309 347 2372 si
372 2309 522 2390 deinceps
544 2309 664 2389 absque
686 2308 896 2376 celebratione
916 2311 1039 2372 concilii
1056 2314 1132 2374 anni
1151 2315 1245 2377 unius
1262 2323 1337 2376 meta

200 2395 372 2477 transierit,
401 2414 509 2458 omnes
529 2395 561 2457 in
582 2390 746 2457 commune
765 2393 931 2476 pontifices
952 2395 1153 2480 Carthaginis
1164 2399 1199 2480 ⁸)
1219 2402 1343 2481 provin-

194 2481 270 2546 'ciae
298 2481 467 2562 superioris
492 2497 645 2544 censurae
673 2481 830 2543 sententia
855 2481 1007 2543 obnoxios
1033 2485 1195 2568 retinebit,
1223 2485 1255 2548 id
1286 2495 1346 2568 est,
1420 2475 1421 2560 ζ

202 2566 232 2632 si
258 2568 342 2629 nulla
367 2567 428 2630 sibi
455 2565 645 2649 impediente
671 2566 821 2646 principis
847 2573 1008 2647 potestate
1020 2565 1055 2646 ⁹)
1083 2571 1181 2634 solius
1206 2573 1347 2652 propriae
1420 2575 1421 2616 l

157 2723 160 2728 ,
198 2652 372 2715 voluntatis
400 2653 488 2716 libitu
502 2652 557 2733 ιο)
584 2667 660 2714 sese
687 2649 728 2713 ad
754 2651 972 2715 celebrandum
998 2656 1162 2718 concilium
1191 2675 1253 2719 non
1278 2658 1347 2722 col-

197 2738 342 2824 legerint.
1420 2737 1421 2764 ¹

284 2939 346 3004 His
366 2937 460 3022 igitur
482 2935 756 3002 constitutionibus
776 2939 906 3023 nostris,
933 2959 1015 3023 quae
1034 2943 1214 3008 necessario
1234 2942 1347 3008 decer·
1420 2941 1421 2970 ¹

198 3025 304 3093 nenda
330 3025 504 3106 medimna,
531 3023 655 3086 finalem
681 3043 790 3088 manus
811 3033 937 3088 nostrae
956 3027 1214 3110 subscriptionem
1236 3030 1347 3111 adjici-

198 3133 289 3195 mus,
311 3109 474 3174 immortali
495 3107 554 3170 deo
574 3115 681 3170 nostro
703 3119 737 3172 et
758 3108 880 3172 domino
901 3112 1030 3194 gloriam
1050 3122 1085 3176 et
1105 3115 1252 3178 honorem
1272 3116 1346 3178 red·
1420 3133 1421 3144 ¹

199 3191 324 3280 demea,
339 3195 392 3280 qui
413 3212 472 3257 nos
493 3193 533 3256 de
554 3201 713 3257 conventu
735 3196 873 3258 alternae
889 3198 1022 3260 visionis
1041 3200 1144 3263 lactos
1160 3200 1277 3284 effecit,
1292 3202 1344 3282 qui

198 3304 238 3350 os
265 3291 406 3348 nostrum
433 3283 465 3342 in
492 3279 691 3344 confessione
710 3281 812 3344 laudis
833 3300 912 3344 suae
932 3285 1068 3364 aperuit,
1096 3288 1149 3366 qui
1169 3288 1265 3350 etiam
1286 3287 1344 3350 de-

200 3378 288 3434 creta
312 3365 406 3446 hujus
436 3366 535 3428 nostri
561 3367 685 3428 concilii
710 3368 843 3430 honesto
864 3366 926 3428 fine
948 3370 1125 3450 complevit.
1165 3373 1244 3435 Post
1264 3373 1343 3436 haec

148 3454 151 3460 '
199 3455 348 3536 religioso
375 3451 497 3512 domino
525 3459 558 3511 et
584 3451 707 3512 amabili
731 3451 862 3533 principi
881 3461 986 3514 nostro
1008 3455 1250 3537 wambani11)
1278 3459 1344 3542 regi

199 3539 368 3624 gratiarum
388 3536 531 3600 actiones
550 3536 769 3619 persolvimus
789 3535 879 3617 cujus
899 3538 1088 3602 ordinatione
1104 3543 1238 3625 collecti,
1256 3543 1344 3624 cujus

200 3617 419 3698 etiarn·studio
440 3621 609 3709 aggregati
629 3639 746 3704 sumus,
768 3623 822 3704 qui
844 3623 1083 3688 ecclesiasticae
1099 3627 1279 3708 disciplinae
1295 3630 1342 3692 his

195 3691 318 3776 'nostfis
344 3705 481 3770 saeculis
506 3724 609 3768 novus
629 3716 786 3790 reparator
806 3726 972 3772 occurrens
993 3711 1128 3775 omissos
1147 3715 1340 3779 conciliorum

198 3793 324 3862 ordines
344 3811 406 3854 nou
426 3790 527 3854 solum
546 3799 720 3854 restaurare
740 3793 887 3876 intendit,
915 3793 974 3857 sed
996 3797 1089 3858 etiam
1110 3800 1220 3862 annuis
1241 3819 1337 3864 recur-

201 3881 289 3944 sibus
310 3875 513 3942 celebrandos
533 3875 677 3961 instituit,
702 3886 738 3942 ut
759 3877 801 3942 ad
819 3879 969 3943 alternam
988 3899 1105 3946 morum
1126 3887 1340 3948 correctionem

201 4037 400 4060 -nn

222 4087 268 4184 ἰ)
282 4109 424 4164 invalitudo
440 4107 469 4161 in
486 4124 521 4160 ιιι.
537 4108 575 4162 M.
597 4137 635 4230 ε-
662 4107 693 4189 3)
710 4119 887 4194 praeconantes
902 4113 967 4197 ibid.
990 4141 1025 4156 -e
1056 4117 1088 4200 ὃ)Ι
1103 4117 1184 4172 Onna
1197 4121 1346 4206 ToletVll.

253 4179 591 4328 ιιιιιξιιιιι
614 4181 1012 4316 clarescere

268 4317 347 4376 Herm
363 4317 523 4372 addrtronern
540 4323 604 4372 note
613 4317 778 4384 Gregoriarra
794 4339 854 4405 non.
865 4325 967 4392 probat.
990 4328 1020 4380 M
1027 4343 1088 4380 ens
1095 4327 1114 4380 i.
1147 4354 1182 4373 -
1216 4330 1247 4397 s)
1264 4330 1345 4383 eone.
1420 4403 1421 4406 Ἴ

269 4387 416 4512 ιιι·
438 4387 654 4524 ιιι-ιι
668 4391 831 4515 ιιι
845 4407 926 4504 u
942 4395 989 4533 ι
1013 4397 1347 4536 mmmmm

216 4524 267 4666 ¹3
283 4525 489 4652 offirma&
505 4535 555 4636 ‹ru-t
568 4527 710 4582 maudut
726 4545 803 4584 caure
820 4531 881 4588 add.
899 4533 928 4588 in
943 4547 986 4646 ιιι..
998 4534 1035 4588 Μ.
1074 4563 1110 4578 -
1149 4538 1199 4604 ²⁰)
1215 4538 1293 4592 libido
1309 4539 1345 4592 bl.
