2916 5050
20 210 236 332 frte

172 483 468 612 eoronam
504 467 966 606 onnrnnornnnsn
996 481 1212 606 nonnis
1246 525 1321 606 nn

174 635 178 642 ·
358 629 626 710 rancoris
647 625 847 708 onornn
868 627 1134 722 ounnoun,

702 731 783 783 SIVE

274 800 530 882 snarnrn
569 795 878 903 ncennsmn
918 797 1161 892 annona
1176 797 1220 896 ¹).

159 1060 351 1188 Augusto
362 1103 500 1168 Honorio
522 1112 631 1184 quarto
652 1113 686 1166 et
700 1104 898 1187 Eutychiano
910 1101 945 1184 ²)
966 1103 1322 1191 consulibus„V1.ldus

174 1200 374 1282 Novembris,
396 1215 467 1261 cum
488 1197 635 1259 Aurelius
657 1198 825 1278 episcopus
846 1199 878 1260 in
898 1197 1030 1260 coneilio
1052 1199 1219 1260 universali
1240 1199 1323 1261 Car-

175 1283 306 1366 thagine
332 1285 364 1346 in
391 1284 559 1345 secretario
587 1301 656 1345 curn
685 1283 827 1344 omnibus
853 1283 1128 1347 consacerdotibus
1156 1285 1223 1366 suis
1243 1303 1323 1346 con-

174 1369 331 1449 sedisset,
359 1369 477 1448 placuit
496 1385 566 1430 eum
589 1369 627 1428 eo
648 1370 770 1430 cunctis
791 1368 843 1448 qui
865 1369 987 1430 firerunt
1014 1368 1045 1429 in
1074 1369 1183 1431 eadem
1211 1377 1324 1430 sancta

176 1454 298 1536 synodo
320 1455 510 1526 constituere
531 1453 629 1534 haec,
655 1451 737 1534 'quae
758 1451 799 1514 ad
821 1453 945 1516 ordines
966 1454 1203 1518 ecclesiasticos
1224 1471 1323 1534 cano-

173 1539 256 1601 nicis
277 1547 351 1600 sunt
370 1537 550 1600 necessaria
572 1537 749 1618 disciplinis
781 1539 827 1598 lbi
841 1537 874 1621 θ)
902 1537 932 1600 in
952 1539 1100 1622 principio
1120 1540 1323 1624 constitutum

158 1631 243 1705 est,
274 1623 374 1705 qualis
396 1623 527 1685 ordinari
549 1623 663 1685 debeat
684 1623 861 1704 episcopus.
1223 1621 1227 1630 '

261 1789 325 1868 Qui
347 1787 515 1872 episcopus
536 1787 724 1854 ordinandus
743 1797 794 1852 est
815 1793 909 1850 antea
929 1790 1138 1874 examinetur,
1168 1791 1196 1854 si
1207 1787 1242 1868 ⁴)
1263 1809 1322 1866 nass

102 1906 108 1910 ·
176 1885 247 1942 tura
265 1878 309 1938 sit
329 1876 483 1957 prudens,
513 1877 542 1938 si
563 1874 721 1955 docibilis,
752 1877 780 1936 si
808 1875 942 1936 moribus
969 1882 1178 1956 temperatus,
1208 1883 1236 1937 si
1256 1877 1324 1937 vita
1392 1870 1395 1878 '

167 1969 303 2041 merus,
330 1961 359 2022 si
380 1962 520 2040 sobrius,
547 1961 575 2020 si
603 1977 728 2040 semper
744 1960 821 2020 suis
839 1960 975 2040 negotiis
997 1979 1116 2022 cavens
1133 1961 1184 2040 ⁵),
1213 1961 1241 2021 si
1261 1959 1323 2020 hu-

156 2042 268 2126 'milis,
290 2045 319 2106 si
340 2043 527 2125 affabilis0),
548 2045 577 2105 si
591 2045 776 2124 misericors,
798 2045 826 2104 ai
846 2043 997 2126 literatus,
1018 2047 1098 2126 siin
1119 2046 1193 2128 lege
1209 2045 1323 2106 domini

174 2129 358 2210 instnrotus,
380 2131 409 2191 si
430 2131 462 2190 in
481 2129 698 2208 scripturamm
719 2129 866 2189 sensibus
885 2137 1007 2210 cautus
1029 2131 1057 2192 si
1078 2131 1109 2191 in
1126 2130 1325 2212 dogmatibus

176 2215 407 2282 ecclesiasticis
424 2215 624 2294 exercitatus,
647 2222 679 2274 et
701 2221 774 2275 ante
795 2215 898 2274 omnia
917 2215 946 2276 si
962 2213 1034 2276 fidei
1050 2215 1234 2276 documenta
1247 2231 1324 2274 ver·-

178 2301 228 2372 bis
255 2299 446 2379 simplicibus
473 2306 595 2360 asserat
607 2343 617 2380 ,
653 2297 685 2360 id
717 2305 769 2358 est
790 2307 914 2378 ‘patrem
947 2307 981 2360 et
1005 2299 1099 2362 lilium
1126 2309 1158 2360 et
1183 2300 1324 2378 spiritum

179 2393 325 2450 sanctum
350 2403 445 2444 unum
466 2383 559 2445 deum
580 2401 654 2445 esse
675 2382 877 2464 confirmanS,
903 2391 1063 2465 totamque
1089 2385 1233 2464 trinitatis
1255 2383 1327 2445 dei-

179 2479 278 2534 tatem
293 2467 327 2550 a)
356 2470 595 2544 coessentialem
623 2475 656 2529 et
676 2469 970 2530 consubstantialem
992 2478 1024 2530 et
1045 2471 1271 2530 coaeternalem
1293 2476 1327 2530 et

178 2557 423 2636 omnipotentem
435 2553 469 2633 ⁸)
490 2553 684 2634 praedicam,
705 2555 734 2616 si
753 2555 942 2636 singularem
957 2573 1116 2635 quamque
1137 2556 1168 2614 in
1189 2555 1325 2616 trinitate

79 2667 84 2676 ’
173 2657 347 2724 ,ρθῐεοηαηι
373 2641 499 2720 plenum
524 2640 626 2700 Deum
640 2637 691 2720 ⁹),
721 2639 749 2700 si
777 2641 1018 2702 incarnationem
1044 2640 1180 2700 divinam
1204 2659 1267 2700 non
1292 2640 1325 2700 in
1420 2644 1429 2714 j

180 2735 393 2809 patroneque
414 2726 446 2786 in
466 2725 575 2804 spiritu
595 2721 707 2786 sa'ncto
727 2723 861 2804 factam,
890 2723 949 2786 sed
975 2725 1007 2786 in
1030 2723 1093 2785 filio
1114 2732 1233 2786 tantum
1253 2743 1325 2786 cre-

182 2813 247 2892 dat,
268 2810 378 2890 utqui
400 2811 520 2872 eratin
540 2807 702 2870 divinitate
722 2806 774 2870 dei
793 2809 891 2888 patris
911 2808 1003 2889 filius,
1022 2808 1195 2888 ipse'lieret
1214 2810 1245 2870 in
1264 2809 1326 2870 ho-
1375 2879 1382 2891 Ι

182 2898 265 2960 mine
286 2892 488 2972 hominis10)
514 2895 622 2954 matris
642 2892 734 2973 filius,
755 2893 834 2955 dens
853 2911 949 2956 verus
970 2913 1012 2955 ex
1031 2901 1137 2976 patre,
1165 2895 1258 2956 homo
1271 2891 1326 2972 ιι)

182 2987 279 3046 uerus
300 2999 342 3041 ex
361 2986 469 3059 matre,
492 2995 617 3045 carnem
637 2996 680 3038 ex
698 2979 807 3040 matris
817 2979 991 3042 visceribus
1008 2977 1129 3040 habens
1146 2988 1180 3054 et
1197 2979 1328 3040 annnam

182 3067 348 3131 humanam
373 3062 684 3148 rationalem„·simul
712 3063 743 3124 in
769 3082 808 3124 eo
836 3065 946 3126 ambae
973 3073 1101 3126 naturae
1116 3062 1188 3143 ¹²),
1220 3064 1252 3126 id
1279 3071 1330 3125 est

148 3191 152 3202 »
184 3152 265 3218 deus
293 3147 455 3230 et-,homo,
485 3167 548 3210 tana
568 3166 717 3228 persona,
746 3165 827 3210 unus
847 3149 944 3228 filius,
964 3167 1045 3210 unus
1066 3147 1233 3230 Christus,
1248 3167 1329 3210 unns

169 3245 306 3304 'creator
317 3241 328 3276 ¹
338 3233 372 3314 ⁸)
390 3235 523 3298 omnium
544 3253 625 3316 quae
640 3241 728 3312 sunt,
745 3241 778 3295 et
793 3241 901 3296 auctor
918 3241 951 3296 et
964 3232 1106 3296 dominus
1122 3242 1155 3296 et
1169 3231 1330 3312 rector¹⁴)

187 3371 386 3394 W

173 3459 177 3464 -
222 3438 251 3505 ι)
278 3433 419 3484 Concilium
438 3432 675 3499 Carthaginensium
690 3435 796 3502 Africae
816 3443 935 3502 parantum
957 3435 1070 3495 inditum
1091 3436 1124 3487 ab
1141 3437 1267 3502 episcopis
1284 3451 1332 3488 no-

254 3517 324 3554 mero
338 3501 457 3566 ccxlv,
473 3517 537 3553 amn
553 3503 606 3556 tao
624 3503 689 3556 Cod.
705 3505 836 3558 Soriensis
853 3493 985 3557 Haiduini
1003 3511 1029 3558 et
1046 3506 1129 3558 Codd.
1147 3506 1222 3574 Hisp.
1246 3533 1282 3546 -
1301 3507 1332 3558 ln

253 3587 302 3624 ms.
319 3585 373 3623 uno
390 3570 458 3623 Bibl.
475 3571 576 3637 Colleg.
593 3573 678 3638 Paris.
702 3589 756 3626 soc.
773 3577 836 3627 lesu
854 3581 881 3627 et
898 3575 925 3626 in
944 3573 1114 3640 Corbejensi',
1137 3577 1237 3641 absque
1259 3590 1335 3626 men-

253 3642 325 3695 tione
344 3639 448 3701 conc‘rlii
465 3644 493 3693 et
509 3642 608 3709 absque
624 3643 670 3717 illa
688 3644 858 3710 praefatione,
875 3660 943 3712 qnae
961 3645 1105 3697 canonibus
1121 3645 1287 3713 praeligitur,
1301 3643 1337 3706 ti-

233 3725 235 3730 ⁴
254 3714 325 3765 tolus
346 3709 390 3764 hic
407 3717 460 3764 est:
477 3711 585 3764 Sintula
607 3715 727 3765 ecclesiae
743 3717 856 3782 animun.
889 3717 919 3767 In
937 3731 984 3766 ms.
1002 3713 1206 3766 Barbariniano:
1227 3716 1335 3766 Sintula

255 3781 363 3836 ornaris
379 3781 492 3848 antiqua.
525 3783 556 3834 In
573 3781 664 3835 oodico
682 3783 804 3838 Tiliano:
829 3786 944 3838 Uarrones
959 3785 1095 3852 Africani..
1118 3785 1151 3837 In
1169 3799 1221 3835 nno
1239 3798 1254 3832 e
1271 3797 1334 3838 mss.
1408 3827 1412 3836 .

256 3850 352 3904 nostris
374 3849 563 3918 antiquissimis
585 3849 782 3919 Cartbnpincnse
803 3860 981 3922 nuncupatur;
1007 3853 1036 3906 in
1058 3856 1142 3906 altero
1161 3852 1209 3920 qni
1225 3855 1266 3904 est
1280 3851 1335 3904 ali-

257 3925 355 3986 qnanto
373 3919 505 3972 recentior
522 3919 600 3976 habet
617 3921 684 3975 hanc
702 3924 880 3992 epigraphen:
899 3926 944 3975 En
960 3925 1066 3975 concilio·
1086 3921 1336 3986 Gurtbopineasili',

258 3991 301 4039 cut
316 3989 435 4053 interfuit
452 3989 608 4054 depretiatus
624 3998 736 4059 tempore
753 3996 864 4046 Honorii
880 3995 996 4058 Artporti.
1018 3990 1165 4046 Manabat.
1179 3989 1336 4045 Rheinwald

258 4059 279 4110 1.
297 4073 319 4109 c.
337 4073 363 4124 p.
380 4059 406 4111 8.
424 4061 477 4110 not.
489 4059 514 4110 2.
543 4057 632 4111 Fucha
648 4063 666 4112 l.
683 4076 706 4112 c.
724 4065 774 4117 vol.
785 4065 829 4116 111.
847 4081 873 4132 p.
885 4063 937 4115 458
955 4077 1013 4130 sqq.
1059 4090 1095 4102 -
1146 4060 1176 4128 ²)
1200 4061 1337 4112 Euticiano

258 4126 297 4180 ita
312 4143 361 4178 ms.
377 4143 427 4196 pro
445 4127 610 4196 Eutychiana.
644 4129 726 4184 Hand.
755 4161 791 4172 --
815 4133 855 4199 i)
873 4131 918 4182 ubi
935 4130 1018 4183 Codd.
1034 4131 1111 4199 Hisp.
1139 4159 1176 4172 ··-
1210 4129 1240 4197 4)
1258 4131 1338 4196 ipitor

259 4195 371 4248 si..est
386 4195 501 4264 &Hisp.
519 4197 665 4264 praeterii.
680 4228 716 4239 -
752 4200 781 4266 ⁵)
797 4217 890 4254 uocans
906 4199 933 4252 in
951 4217 1033 4266 marg.
1043 4200 1140 4258 Menai.
1157 4228 1193 4242 --
1228 4197 1338 4266 ⁶)Sem-

260 4279 307 4332 per
322 4266 378 4316 suis
394 4267 517 4332 caputiis,
540 4268 565 4318 si
581 4265 722 4319 bominibus
737 4269 855 4332 affabilis
877 4271 909 4322 C.
927 4270 1004 4340 Hisp.
1043 4298 1080 4310 -
1124 4259 1152 4337 ⁷)
1176 4270 1207 4336 iq
1221 4271 1338 4323 trinitate
1370 4292 1376 4298 ·

261 4334 324 4386 deit.
346 4332 377 4384 C.
394 4335 471 4402 Hisp.
504 4363 540 4374 -
582 4333 610 4402 Β)
628 4339 850 4403 coomnipotentem
869 4340 900 4393 0.
917 4339 995 4410 Hisp.
1029 4369 1065 4380 -
1106 4337 1135 4406 ⁹)
1154 4347 1179 4393 et
1197 4345 1266 4390 totas
1285 4347 1339 4392 tras

261 4417 384 4470 preraoaua
400 4419 476 4456 onum
492 4399 579 4454 Deum
595 4405 654 4457 add.
672 4405 703 4458 C.
720 4406 798 4476 Hisp.
837 4438 872 4450 -
915 4409 965 4477 10)
982 4409 1134 4462 tridentinis
1150 4415 1246 4458 notura
1263 4419 1338 4462 matr.

262 4471 299 4538 pii.
326 4471 372 4524 AE.
423 4499 459 4513 -
510 4473 560 4539 11)
584 4475 702 4528 eibum
726 4477 758 4530 C.
783 4477 858 4548 Hisp.
909 4510 944 4521 —
1010 4475 1278 4546 ¹²)‚aimuiiue'o,
1310 4486 1339 4530 ot

262 4542 393 4608 utrimque
409 4548 518 4606 umorue
541 4543 573 4598 C·
591 4543 666 4614 Hisp.
700 4574 735 4588 -
780 4548 830 4616 ra)
846 4555 1022 4604 mapparum
1040 4547 1072 4600 c.
1089 4545 1165 4616 Hisp.
1201 4549 1257 4586 -'

230 4611 280 4682 Η)
296 4618 396 4678 mator
414 4610 446 4665 0.
463 4611 538 4682 Hisp.
573 4639 608 4655 -
1232 4639 1236 4650 =
