2880 5050
304 251 545 323 concursu
573 249 843 326 messenen
861 251 949 320 XVI.
1138 254 1202 320 369

17 428 143 490 tionis
161 439 259 509 rogus
279 432 456 507 consumet,
475 425 625 506 loquente
642 422 765 487 domino
786 443 843 504 per
861 423 1062 505 prophetam:
1095 424 1199 489 Vesti-

22 520 189 576 mentum
205 512 340 573 mistam
356 512 513 590 sanguine
530 512 593 572 erit
609 512 645 572 in
660 509 872 572 combustione
894 516 928 572 et
949 510 1037 572 cibes
1058 510 1201 591 tgna1).

25 600 89 660 At
113 615 200 660 nunc
215 596 359 676 quoniam
382 595 464 655 haee
484 594 611 656 funesta
631 595 715 656 actio
736 601 771 655 et
791 592 995 657 sodomiticae
1011 597 1202 675 operationis

27 683 167 744 malum
192 681 308 742 multos
336 679 502 741 sauciasse
527 678 740 758 perpenditur,
769 677 848 739 adeo
876 697 935 740 nos
956 676 996 739 ob
1017 677 1110 758 hujus
1130 679 1202 741 foe-

31 767 202 830 dissimae
223 783 340 828 causae
361 761 576 843 extirpandum
597 762 852 824 consuetudinem
867 764 937 823 nelo
956 762 1069 825 domini
1087 764 1203 826 arden·-

31 861 99 913 tes
129 867 241 912 ornnes
268 850 300 910 in
330 867 492 911 commune
520 847 703 926 sancimus,
737 853 773 907 ut
802 847 854 926 qui
870 845 904 924 ²)
936 846 1031 926 hujus
1066 850 1203 912 nefariae

31 936 186 997 aetionis
207 941 381 1016 patratores
403 933 581 1012 extiterint,
610 932 724 1012 quique
745 930 777 990 in
797 931 847 992 his
869 931 1106 1009 turpitudinibus
1127 953 1204 996 sese

31 1021 204 1100 implicari
230 1019 427 1098 permiserint
451 1026 485 1078 ct
512 1025 621 1079 contra
654 1023 795 1076 naturam
825 1015 957 1076 masculi
984 1017 1017 1078 in
1043 1021 1204 1082 masculos

34 1107 135 1168 hanc
158 1104 376 1184 turpitudinem
397 1101 609 1182 operaverint:
640 1097 794 1180 siquidem
824 1101 1014 1182 opiscopus,
1039 1105 1205 1186 presbyter

40 1199 109 1252 aut
132 1189 283 1251 diaconus
305 1189 413 1266 fuerit,
441 1186 481 1247 de
502 1186 615 1266 proprii
634 1185 760 1246 honoris
781 1184 880 1267 gradu
901 1183 1044 1264 dejectus
1063 1189 1206 1268 perpetui

40 1275 141 1337 exilii
159 1275 295 1336 manebit
316 1271 512 1334 damnatione
532 1270 715 1351 perculsus,
744 1269 867 1332 sivero
894 1269 1060 1350 cujuslibet
1081 1273 1206 1354 ordinis,

41 1359 175 1443 gradus
200 1359 270 1419 sive
285 1356 319 1436 8)
349 1373 520 1436 personae,
549 1363 583 1416 et
609 1355 737 1416 alterius
752 1353 787 1432 ι)
816 1354 999 1418 colluvionis
1024 1359 1126 1420 noxiis
1153 1378 1208 1420 re-

41 1445 137 1526 perti
165 1443 280 1504 fueriut
306 1442 473 1521 implicati,
499 1440 580 1502 illius
605 1440 688 1521 legis
718 1457 798 1520 quae
828 1439 867 1501 de
895 1441 1009 1503 talibus
1040 1451 1090 1504 est
1120 1443 1206 1506 edita

41 1529 253 1592 nihilominus
279 1526 425 1588 ferientur
440 1525 475 1604 ⁵)
501 1526 658 1588 sententia
679 1533 774 1604 atque
795 1525 834 1586 ab
857 1525 941 1586 amni
962 1525 1208 1590 Christianorum

46 1615 121 1676 siut
143 1613 235 1674 alieni
255 1620 408 1690 caterva,
438 1619 472 1670 et
499 1611 626 1690 iusuper
647 1610 790 1671 centenis
810 1611 992 1672 verberibus
1013 1615 1146 1692 correpti
1167 1630 1207 1676 ac

47 1699 189 1777 turpiter
216 1696 374 1760 decalvati
402 1696 495 1756 exilio
524 1695 738 1774 mancipentur
764 1703 935 1776 perpetuo,
964 1697 1009 1757 ita
1037 1705 1072 1758 ut
1085 1698 1119 1776 ο)
1147 1699 1210 1760 nisi

48 1794 125 1846 tarn
147 1799 213 1864 eos,
235 1783 287 1862 qui
308 1781 466 1863 religionis
488 1780 604 1842 cultum
625 1787 771 1858 turpasse
785 1779 846 1840 visi
868 1780 991 1861 fuerint,
1007 1800 1098 1862 quarn
1115 1785 1211 1846 etiam

50 1869 138 1932 alios
159 1875 195 1928 ut
215 1864 349 1928 bridius
370 1863 595 1945 cujuscumque
615 1863 731 1925 ordinis
754 1862 895 1926 homines
917 1865 1013 1946 digna
1034 1867 1210 1930 satisfactio

50 1953 272 2036 poenitentiae
298 1951 443 2030 accipere
463 1967 577 2029 corpus
599 1956 634 2009 et
654 1949 839 2030 sanguinem
862 1949 980 2012 Christi
999 1951 1031 2011 in
1051 1951 1114 2014 fine
1135 1973 1211 2034 per-

50 2039 195 2118 miserit,
222 2045 278 2098 aut
298 2035 552 2099 Christicolarum
579 2034 726 2096 societati
752 2033 878 2095 redierit
893 2033 944 2116 ⁷),
970 2039 1083 2120 necin
1105 2040 1212 2100 exitus

52 2124 110 2188 die
138 2122 311 2184 secundum
339 2139 492 2182 canonum
521 2120 664 2182 instituta
692 2120 916 2200 communionis
944 2124 1146 2204 perceptione
1175 2141 1213 2187 se

55 2209 206 2272 noverint
226 2207 360 2272 relevari
379 2225 440 2269 nec
461 2205 684 2276 catholicorum
705 2205 810 2268 coetui
828 2207 1005 2290 aggregari
1065 2289 1068 2294 ι

149 2375 200 2440 Ad
226 2375 288 2440 hoc
318 2373 524 2442 sacerdotalis
551 2375 704 2439 institutio
720 2375 754 2455 Β)
788 2373 885 2439 debet
919 2377 988 2438 sine
1017 2371 1110 2439 dubio
1139 2396 1215 2459 pro-

61 2463 211 2546 mulgari,
238 2471 273 2525 ut
302 2471 335 2524 et
355 2464 434 2524 vitia
454 2462 563 2524 inolita
584 2463 800 2524 austerissima
820 2462 901 2523 falce
922 2463 1134 2541 poeniteutiae
1155 2463 1216 2525 de·

61 2557 179 2629 secet,
209 2556 243 2610 et
268 2548 385 2628 ulcus,
420 2546 504 2628 qnod
532 2547 636 2609 subito
651 2547 685 2625 9)
720 2548 752 2608 in
779 2548 983 2608 membrorum
1011 2549 1217 2630 compagibus

65 2642 206 2696 exortum
226 2633 349 2694 sauciat
370 2650 409 2694 ac
431 2633 537 2712 serpit,
553 2631 674 2714 rigidae
690 2632 878 2694 inventionis
891 2630 945 2708 10)
963 2641 1079 2693 conatu
1094 2647 1218 2713 usque-

64 2739 189 2800 quaque
222 2718 397 2780 detruncet.
454 2715 664 2793 Quorumdam
692 2717 809 2779 etenim
838 2715 995 2779 hominurn
1025 2725 1089 2778 tarn
1117 2735 1217 2800 grave

64 2805 195 2866 inolevit
223 2802 450 2884 desperationis
476 2803 675 2884 contagium,
703 2812 739 2864 ut
766 2800 840 2862 durn
865 2801 979 2863 fuerint
1001 2817 1057 2882 pro
1079 2804 1219 2882 qualibet

65 2889 260 2970 negligentia
288 2895 343 2950 aut
370 2887 552 2966 disciplinae
580 2905 714 2948 censura
741 2887 882 2948 mulctati
908 2894 963 2947 aut
988 2903 1044 2966 pro
1071 2889 1121 2948 sui
1142 2905 1219 2968 pur·-

68 2975 195 3054 gatione
223 2973 353 3034 sceleris
380 2973 439 3033 sub
466 2973 679 3052 poenitentiae
706 2971 923 3033 satisfactione
943 2968 1107 3034 custodiae
1128 2987 1220 3034 man-

68 3060 180 3138 cipati,
213 3057 411 3118 incumbente
439 3055 669 3136 desperationis
698 3055 891 3118 incommodo
919 3073 956 3116 se
985 3055 1073 3136 ipsos
1101 3058 1220 3120 malunt

71 3151 126 3206 aut
149 3142 253 3223 laquei
268 3140 323 3219 ¹¹)
349 3140 518 3221 suspendio
547 3161 681 3204 enecare
708 3150 762 3203 aut
787 3142 867 3202 ferro
889 3141 942 3200 vel
962 3141 1031 3203 aliis
1051 3141 1217 3204 mortiferis

71 3228 196 3290 casibus
222 3227 414 3307 interimere,
450 3235 484 3288 et
509 3227 570 3288 nisi
596 3227 759 3307 praeventi
785 3223 952 3304 cujuslibet
977 3226 1023 3286 rei
1049 3229 1219 3290 occasione

72 3331 159 3374 suam
187 3311 393 3373 nihilominus.
408 3308 549 3373 diabolus
576 3312 608 3372 iu
636 3311 684 3373 eis
704 3308 827 3390 perficit
846 3310 1059 3393 voluntatem3
1089 3313 1219 3392 proinde

70 3399 143 3462 huic
179 3396 392 3476 nequissimae
425 3395 576 3458 suadelae
613 3399 779 3476 cupientes
810 3412 926 3474 ponere
957 3393 1051 3456 finem
1084 3404 1117 3458 et
1148 3416 1220 3460 ma-

71 3484 205 3564 lagmam
220 3481 275 3559 12)
297 3499 467 3562 congruam
489 3482 544 3544 tali
564 3481 774 3563 aegrimoniae
795 3477 968 3560 providero,
989 3489 1101 3542 coetus
1122 3483 1222 3546 nostri

73 3565 209 3628 decernit
236 3563 451 3628 sacratissima
477 3567 569 3646 unio,
597 3573 633 3626 ut
658 3567 846 3645 quicumque
866 3564 981 3626 talibus
1003 3564 1156 3647 decipulis
1176 3570 1221 3630 ir-

74 3652 182 3714 retitus
209 3650 452 3731 interemptionis
479 3651 617 3714 evaserit
642 3667 756 3731 casus,
788 3648 916 3710 duorum
941 3649 1094 3711 mensium
1116 3654 1221 3733 spatio

75 3743 109 3798 et
129 3753 148 3796 a
168 3734 389 3798 catholicorum
418 3736 552 3819 collegio
580 3743 614 3796 et
642 3753 809 3814 acorpore
832 3740 865 3792 et
887 3752 907 3794 a
928 3732 1045 3794 Christi
1065 3737 1221 3818 sanguine
1271 3731 1286 3744 “

73 3838 161 3884 sacro
182 3821 318 3880 manebit
339 3819 513 3884 omnimode
535 3821 671 3900 alienus3
690 3821 763 3898 quia
779 3822 903 3896 oportet
922 3824 958 3876 ut
978 3836 1034 3897 per
1053 3822 1223 3899 poeniten-

74 3904 136 3967 tiae
156 3923 319 3967 censuram
340 3905 490 3984 pristinae
512 3905 657 3970 reddatur
677 3905 747 3984 spei
768 3911 863 3981 atque
885 3902 994 3982 saluti,
1016 3905 1069 3985 qui
1089 3907 1223 3972 animam

75 4008 161 4052 suern
181 4009 237 4073 per
259 3989 510 4070 desperationem
531 3989 700 4054 conabatur
720 3987 843 4050 diabolo
863 3988 996 4050 socime.

158 4154 353 4240 Quamquam
373 4160 406 4221 in
425 4155 665 4242 praeteritis²³J
685 4163 864 4222 sanctorum
884 4162 1007 4238 patrum
1029 4153 1069 4220 de
1089 4155 1223 4224 diversis

79 4281 273 4299 μ

112 4342 139 4411 1)
155 4342 255 4395 catillis
266 4327 304 4396 bi.
322 4341 451 4410 resae
475 4369 511 4381 -
547 4341 577 4410 ²)
594 4305 739 4410 quimnrqae
756 4337 793 4396 M.
816 4369 851 4381 -
886 4341 916 4410 ⁸)
930 4343 972 4395 oei
987 4335 1025 4396 M.
1049 4371 1084 4384 -
1119 4342 1224 4410 stratt-

142 4410 186 4463 bas
202 4413 239 4464 M.
264 4442 300 4454 -
336 4412 365 4482 ⁵)
382 4411 512 4480 feriantur
525 4411 562 4464 M.
586 4441 622 4452 --
657 4412 686 4479 ⁸)
702 4419 731 4464 ut
748 4429 801 4466 cnr.
820 4429 837 4464 a
853 4413 890 4464 M.
915 4441 950 4452 -
986 4413 1015 4480 l)
1031 4413 1171 4466 reddiderit
1187 4415 1225 4472 M.

112 4479 139 4546 Ι)
156 4479 237 4534 Cone.
254 4483 361 4537 Bracar.
373 4485 394 4536 1.
412 4500 435 4536 c.
450 4483 494 4536 16.
528 4509 564 4520 -
605 4482 635 4550 ⁹)
652 4482 744 4534 dodum
761 4483 799 4536 M.
834 4507 869 4524 -ε
907 4483 956 4550 1⁰)
974 4484 1120 4534 tornense
1136 4484 1174 4536 Μ.
1191 4507 1226 4524 -

92 4549 139 4616 11)
152 4551 240 4618 loqr'reo
251 4552 290 4605 M.
324 4582 361 4593 -
401 4552 451 4620 1²)
470 4549 503 4604 cf.
522 4549 640 4620 sapient.
658 4553 767 4619 16,12.
802 4577 838 4594 -··
870 4551 919 4617 18)
938 4551 1021 4606 Cone.
1035 4553 1147 4609 ‘Terrae
1165 4554 1223 4606 c8.

143 4619 250 4674 Bracar.
262 4623 294 4676 11.
312 4639 336 4679 c.
348 4625 374 4678 2.
408 4619 520 4678 llrrrerlt.
538 4621 615 4678 alb.
649 4645 684 4662 -·
1182 4647 1184 4652 v

119 4713 183 4765 citt.
198 4715 255 4767 eccl.
266 4721 287 4767 1.
942 4703 986 4773 24
