2912 5060
361 180 605 305 cononum
634 229 904 301 ronmnuuu
926 234 982 328 vr.-
1182 237 1248 308 aar

12 429 13 436 ¹
89 421 169 473 casu
192 403 245 468 vel
266 413 409 486 tempore
430 384 608 470 nullatenus
629 405 768 488 possiat3
788 413 995 488 opportunum
1016 413 1068 468 est
1088 406 1186 488 enim,
1206 416 1244 474 ut

88 493 176 554 sicut
205 490 313 558 fidelia
333 491 491 552 bominum
512 489 644 552 servitia
662 509 725 552 non
747 493 886 554 existere
906 491 1089 554 censuimus
1108 491 1244 576 ingrata,
1301 509 1302 514 ¹

88 577 136 640 ita
165 577 314 640 ecclesiis
345 577 480 656 collata,
512 593 596 655 quoe
625 576 746 654 proprie
777 582 851 640 sunt
885 593 1057 656 pauperum
1087 577 1244 661 alimento,

89 681 197 726 eorum
214 661 285 741 jure
300 662 333 740 ¹)
361 679 417 742 pro
437 659 585 722 mercede
607 659 804 722 offerentium
824 669 974 726 maneant
994 660 1187 725 inconvulsal

169 830 269 894 Siout
290 829 459 892 insolentia
480 829 629 890 malorum
650 847 761 911 regum
783 828 894 893 odioso
912 847 1038 912 semper
1057 842 1091 894 et
1108 849 1244 894 execra-

88 916 160 982 bilis
183 914 338 992 existit2)
366 911 537 994 subjectis,
566 914 611 974 ita
632 915 779 976 bonorum
800 914 932 994 provida
957 918 1077 982 utilitas
1102 918 1245 981 amabilis

90 1001 228 1066 efficitur
248 999 382 1080 populis.
424 999 582 1076 Quocirca
602 1000 673 1079 quis
695 999 775 1062 ferat
796 1008 852 1062 aut
873 1001 944 1080 quis
964 1003 1131 1066 toleranter
1148 1003 1243 1068 Clui-

88 1088 216 1151 stianus
235 1085 344 1146 videat
365 1085 451 1166 regis
474 1085 600 1146 soboles
611 1083 645 1161 ³)
664 1092 720 1146 aut
740 1085 958 1164 posteritatem
980 1087 1128 1167 expoliari
1147 1089 1242 1150 rebus

25 1191 28 1198 ’
91 1163 624 1254 autprivari4)'dignitatibus⁵)‘l
646 1169 729 1250 quod
749 1190 790 1232 ne
810 1169 876 1250 fiat,
897 1189 969 1232 curn
990 1173 1148 1254 generalis
1167 1191 1243 1252 pro·

91 1254 260 1322 matur.de
288 1253 359 1314 liliis
385 1255 533 1334 principis
561 1256 718 1315 sententia
743 1263 866 1333 nostra,
895 1255 926 1316 id
948 1265 999 1318 est
1023 1257 1062 1318 de
1084 1258 1243 1336 praesenti

91 1339 351 1405 excellentissimi
373 1347 407 1398 et
426 1339 644 1422 gloriosissimi
665 1340 812 1418 principis
833 1340 1002 1402 Chintilani
1022 1343 1109 1422 regis
1129 1350 1242 1420 poste-

90 1429 183 1490 ritate
205 1423 364 1502 dantum)
380 1419 535 1502 apertat)
552 1441 573 1484 a
592 1423 683 1486 nobis
704 1421 848 1486 decreta:
869 1433 905 1486 ut
927 1445 975 1505 ea,
998 1445 1080 1505 quae
1100 1425 1243 1509 synodus

90 1513 259 1594 praeterito
282 1529 362 1573 anno
383 1509 415 1568 in
435 1510 497 1572 hac
519 1509 659 1570 ecclesia
678 1509 785 1570 habita
797 1509 1006 1588 eonstituit⁸J
1021 1511 1105 1578 circa
1118 1529 1243 1574 omnem
1271 1535 1275 1538 ·

12 1631 13 1634 κ
92 1597 313 1678 posteritatem
339 1591 424 1674 ejus,
452 1594 641 1656 universitas
667 1594 757 1676 regui
778 1596 828 1656 sui
849 1604 1033 1675 conservet,
1060 1596 1122 1656 hoc
1144 1595 1243 1674 esta)

93 1691 131 1744 ut
148 1683 339 1762 praebeatur·
358 1678 430 1740 liliis
451 1679 520 1759 ejus
539 1679 663 1740 dileetio
685 1681 822 1760 benigna
844 1687 877 1740 et
898 1680 994 1760 firma,
1016 1688 1050 1740 et
1070 1681 1243 1742 tribuantur

91 1767 146 1830 ubi
173 1767 236 1828 loci
265 1763 478 1844 opportunitas
506 1765 680 1834 exhibuerit
707 1763 901 1828 defensionis
926 1765 1111 1826 adminicula
1133 1763 1242 1848 justa3

93 1873 135 1914 ne
157 1851 198 1912 de
220 1851 313 1912 rebus
336 1847 488 1931 justam)
517 1849 691 1936 profligatis
716 1857 771 1912 aut
795 1859 958 1929 parentum
985 1851 1138 1932 dignitate
1166 1869 1243 1930 pro.-

93 1937 211 2000 curatis
232 1936 291 1996 vel⁴
310 1935 457 2015 largitate
486 1935 634 2013 principis
660 1942 715 1996 aut
743 1933 874 2014 alicujus
899 1932 1049 2016 impensis
1070 1937 1242 1999 autetiam

91 2023 282 2102 proprietate
311 2018 424 2082 debitis
454 2017 634 2082 iraudentur
660 2020 799 2100 qualibet
819 2021 929 2084 insidia
951 2021 1150 2103 calliditatis3
1180 2026 1243 2082 nei-

93 2125 154 2189 que
168 2111 179 2145 ¹
192 2105 223 2184 ¹)
251 2121 445 2186 equaquam
475 2103 619 2166 laedendi
644 2123 701 2166 eos
728 2107 934 2186 praebeantur·
962 2105 1145 2187 argumenta
1173 2125 1244 2170 ma-

92 2193 299 2270 chinationis,
318 2191 400 2270 ,quia
422 2189 550 2272 dignum
577 2198 646 2271 est,
671 2198 707 2251 ut
729 2189 819 2270 cujus
840 2192 990 2274 regimine
1011 2193 1163 2254 habemus
1184 2211 1243 2254 se-

93 2279 258 2340 curitatem
268 2321 278 2356 ,
300 2273 368 2354 ejus
391 2275 568 2354 posteritati
583 2274 709 2336 decreto
732 2277 1080 2356 conciliiimpertiamus
1097 2277 1245 2356 quietem.

92 2362 236 2442 Denique
263 2369 352 2443 tanta
380 2379 458 2442 erga
484 2379 543 2422 nos
569 2361 665 2422 nostri
673 2361 840 2448 ‘principis
868 2369 977 2424 extant
1006 2361 1175 2442 beneficia,
1206 2365 1245 2445 ut

93 2449 222 2529 longum
244 2447 286 2507 sit
306 2446 465 2529 sigillatim
487 2465 526 2507 ea
545 2463 686 2525 promere
707 2446 830 2528 lingua3
852 2447 921 2526 ipse
939 2448 1019 2507 enim
1037 2455 1164 2508 auctore
1182 2447 1242 2508 deo

65 2533 185 2596 ,nobis
212 2550 343 2611 pacem,
377 2531 446 2610 ipse
477 2532 567 2612 quasi
598 2531 754 2610 captivam
782 2531 904 2592 reduxit
932 2533 1111 2611 caritatem,
1143 2531 1245 2610 ipsius

98 2637 160 2699 ope
189 2617 302 2698 quieti,
330 2616 429 2696 ipsius
456 2633 565 2682 sumus
592 2616 755 2697 largitione
791 2616 902 2696 ditati,
936 2617 1005 2694 ipso
1038 2616 1264 2678 medicamine
1351 2681 1356 2692 ,

94 2703 245 2767 bonitatis
273 2720 352 2762 suae
381 2709 414 2762 et
441 2702 503 2762 reis
531 2702 673 2780 pepercit
694 2709 737 2761 et
755 2709 873 2770 ,rectos
904 2702 1101 2783 sublimavit,
1134 2702 1185 2764 eui
1214 2702 1244 2764 si

94 2789 199 2870 dignis
228 2787 417 2848 voluerimus
444 2785 633 2866 respondere
661 2785 846 2866 beneficiis,
878 2805 941 2848 non
970 2787 1068 2850 tantis
1098 2795 1245 2855 extamus

95 2875 196 2955 copiis
216 2872 360 2952 virtutis,
382 2880 497 2953 quanto
519 2880 594 2934 voto
616 2870 790 2934 sufficimus
803 2867 1059 2950 1²)'v01untotis
1099 2885 1103 2892 '

183 3039 378 3120 Quamquam
405 3038 436 3100 in
464 3039 596 3103 concilio
622 3040 787 3122 anteriori,
824 3038 909 3122 quod
941 3061 1021 3104 anno
1049 3041 1146 3124 primo
1172 3039 1247 3124 glo-

96 3126 172 3192 riosi
200 3126 347 3205 principis
364 3181 366 3192 ,
383 3126 482 3188 nostri
498 3127 654 3205 ,habitum
693 3134 744 3186 est
756 3171 766 3206 ,
799 3126 839 3188 de
872 3125 1048 3206 hujusmodi
1085 3147 1118 3190 re
1153 3127 1246 3188 fuerit

96 3212 294 3294 promulgata
324 3211 501 3292 sententia,'
538 3219 645 3274 tamen
676 3211 782 3290 placet
818 3212 949 3292 iterare,
987 3211 1070 3290 quod
1098 3212 1248 3272 convenit
1299 3203 1313 3230 ²

96 3297 265 3360 custodire.
306 3297 415 3376 ltaque
441 3296 529 3379 regis
549 3297 616 3357 vito
637 3303 802 3358 constante
824 3297 925 3356 nullus
946 3296 1006 3356 sibi
1026 3297 1129 3376 aliquo
1151 3315 1247 3376 opere

93 3381 151 3444 vel
166 3382 397 3462 deliberatione,
412 3399 471 3442 seu
486 3379 709 3460 cujuscumque
720 3380 884 3460 dignitatis
897 3381 1006 3460 laicus,
1018 3399 1077 3442 seu
1087 3381 1203 3463 gradu¹
1212 3381 1247 3460 ³)

98 3468 327 3546 episcopatus,
359 3467 546 3546 presbyterii
579 3474 633 3528 aut
659 3465 799 3538 ⁸diaconii
834 3475 1038 3528 consecratus
1069 3469 1248 3548 ceterisque

97 3551 267 3614 clericatus
288 3548 400 3612 officiis
421 3549 546 3612 deditus
566 3569 674 3633 regem
695 3549 857 3628 provideat
878 3560 986 3613 contra
1000 3553 1139 3614 viventis
1160 3552 1248 3634 regis
1282 3607 1284 3612 .

96 3635 264 3700 utilitatem
292 3641 326 3694 et
352 3635 459 3712 procul
484 3634 579 3698 dubio
608 3636 816 3716 voluntatem,
848 3637 931 3708 nullo
959 3637 1166 3698 blandimento
1194 3635 1248 3698 vel

97 3721 318 3799 suasionepro
336 3719 519 3800 eademspe
537 3721 685 3801 antelios
702 3723 733 3782 in
752 3739 792 3782 se
814 3721 917 3782 trahat
938 3729 992 3782 aut
1011 3723 1081 3800 ipse
1103 3722 1135 3784 in
1155 3721 1249 3784 alium

94 3806 299 3886 acquiescam
316 3803 451 3884 iniquum
463 3807 548 3868 enim
560 3815 592 3868 et
602 3807 695 3870 valde
709 3806 889 3868 execrabile
899 3805 1099 3868 Christianis¹
1108 3804 1143 3884 ¹¹)
1154 3806 1250 3868 debet

97 3891 207 3954 haberi
226 3889 336 3964 futuris
357 3893 547 3970 temporibus
567 3892 676 3954 illicita
693 3890 872 3970 prospicere
894 3899 928 3952 et
948 3893 1034 3952 vitae
1055 3909 1133 3952 suae
1154 3891 1251 3973 ignau-

97 3993 152 4039 ros
182 3983 315 4036 ventura
347 3973 521 4057 disponere.
585 3975 677 4055 Quod
705 3977 734 4038 si
761 3971 924 4058 quisquam
948 3975 1013 4057 jam
1042 3975 1118 4038 talia
1144 3976 1251 4059 iniqua
1283 4011 1288 4018 -

103 4223 107 4228 .
139 4157 214 4268 abab
226 4187 287 4254 jore
302 4191 341 4243 M.
375 4221 412 4235 -·-
447 4193 477 4262 ²)
496 4195 585 4246 estitit
601 4193 638 4246 Μ.
672 4211 707 4234 -ι
743 4192 772 4261 ³)
789 4194 900 4246 sobolem
916 4193 954 4244 M.
988 4221 1024 4232 -
1066 4193 1096 4262 ⁴)
1113 4195 1191 4249 rebrts
1207 4205 1253 4251 ortt

97 4303 100 4308 .
165 4260 267 4324 putator·
291 4277 341 4312 orn.
365 4263 437 4314 aM.
454 4280 505 4316 aec
523 4279 575 4316 non
594 4279 610 4314 a
627 4264 693 4316 Luc.
738 4290 793 4316 -,
821 4263 850 4330 ⁵)
875 4269 921 4314 ortt
945 4263 1002 4330 qais
1023 4261 1102 4316 lolem
1125 4275 1253 4334 carnoten
1292 4305 1295 4319 .

157 4325 344 4406 -bfltriadioaam
366 4333 452 4383 videet
475 4335 518 4400 qni
538 4334 639 4398 raptam
653 4332 770 4384 sobolem
794 4340 840 4383 ont
855 4333 1033 4400 posteritatem
1052 4343 1157 4389 condar
1171 4351 1254 4406 empo-

169 4393 236 4446 ltore
251 4399 329 4476 sebas
346 4408 392 4451 nat
407 4403 512 4470 paterne
528 4401 695 4468 dipoitotiloo
711 4401 791 4454 in'm.
808 4402 846 4454 Μ.
891 4431 928 4442 -
980 4403 1010 4470 ⁰)
1033 4401 1124 4456 dentur
1146 4407 1183 4458 M.
1217 4437 1254 4448 -

99 4500 102 4508 ·
133 4461 348 4598 llpsptooqnmr
362 4471 416 4592 M&
436 4501 493 4580 -—
515 4471 646 4582 ³p¹Cpna
666 4471 753 4592 'illm‘
767 4473 800 4524 V.
818 4472 880 4580 ahl.
915 4471 1025 4592 ῑωζ)
1042 4473 1072 4592 qd
1088 4481 1127 4526 est
1142 4477 1181 4530 M.
1218 4507 1253 4516 -

169 4549 268 4654 ..a
326 4555 423 4689 m:
456 4637 490 4648 -
511 4540 584 4680 nl
857 4539 941 4677 nt
961 4555 1090 4662 ...rar
1181 4547 1254 4624 a·

141 4694 207 4743 Bibl.
222 4699 280 4750 eccl.
299 4705 319 4747 1.
973 4695 1013 4758 17
