2912 5060
364 235 610 308 ubucuuut
632 231 903 306 'l'ObMANUM
923 238 979 306 vt
1184 239 1250 310 att

92 411 220 480 concilii
241 429 374 495 canone,
394 419 433 474 ut
450 407 680 492 professionem
699 427 791 474 suam
811 409 914 474 liberti
933 370 1250 480 seeletw‘ueteent

93 502 213 582 faeere,
234 518 297 582 qua
318 497 519 579 profiteantur
539 513 577 557 se
599 504 633 556 et
655 493 696 556 de
715 495 839 558 familiis
860 497 1019 561 eeclesiae
1038 500 1250 564 manumissos
1339 497 1350 508 '

94 597 130 650 et
151 587 310 649 ecelesiae
332 584 514 665 obsequium
535 599 694 662 nunquam
715 582 887 644 relicturos.
928 582 1019 646 Unde
1045 585 1095 646 his
1123 604 1249 667 quoque
1286 653 1289 658 ,

94 691 155 736 nes
176 669 356 751 adjicimus,
384 677 420 730 ut
446 667 572 750 quoties
592 666 828 744 eursumvitae
848 666 998 758 sacerdos
1018 669 1195 750 immoverit
1216 679 1250 738 et

85 757 137 820 de
158 757 221 819 hae
240 757 309 817 vita
328 753 528 837 migraverit,
555 749 674 830 mox1)
696 769 866 813 successor
886 750 956 832 ejus
976 751 1157 837 advenerit,
1178 775 1280 844 om-¹⁹

95 857 154 904 nes
174 841 276 902 liberti
296 837 367 920 ejus
393 838 553 902 eeclesiae
579 837 632 898 vel
658 837 699 898 ab
727 836 776 898 eis
801 837 957 918 progeniti
982 839 1142 902 carthulas
1170 859 1249 904 suas

94 929 126 990 iu
146 933 325 1006 conspectu
342 924 479 986 omniurn
500 921 638 983 debeant
657 921 719 1001 ipsi
739 921 911 984 substituto
931 923 1071 1014 ppntiliei
1090 927 1249 1005 publicare

95 1021 131 1074 et
151 1010 368 1092 professiones
389 1027 467 1072 suas
489 1006 521 1068 in
542 1015 717 1086 conspeetu
737 1006 897 1068 eeclesiae
913 1026 1075 1091 retrovare,
1091 1019 1250 1091 quatenus

96 1105 201 1159 status
223 1095 273 1157 sui
291 1095 435 1176 vigorem
456 1101 489 1155 et
510 1091 553 1153 illi
574 1091 746 1172 obtineant,
768 1101 801 1152 et
821 1090 1000 1154 obedientia
1019 1110 1124 1158 eorum
1139 1099 1250 1162 ecole-

97 1183 147 1244 sia
173 1199 237 1243 non
263 1187 380 1242 careat.
422 1178 459 1242 Si
488 1187 595 1240 autern
622 1185 677 1238 eut
704 1177 876 1256 scripturas
896 1178 1050 1241 libertatis
1069 1197 1148 1244 suae
1169 1185 1250 1246 intra

96 1285 211 1330 annum
243 1261 444 1326 ordinationis
480 1263 554 1324 nevi
587 1259 746 1342 pontificis
774 1262 975 1326 manifestare
1005 1269 1251 1348 contempserint

51 1361 54 1366 '
97 1360 153 1415 aut
171 1349 384 1434 professiones
406 1367 482 1412 suas
503 1367 656 1410 renovare
677 1347 840 1428 noluerint,
854 1367 979 1416 vaeutte
1000 1359 1034 1412 et
1053 1351 1164 1416 brunes
1177 1373 1251 1418 car-

96 1437 202 1500 thulae
223 1437 313 1517 ipsae
340 1442 540 1516 remaneant,
569 1441 604 1498 ot
624 1433 668 1498 illi
687 1433 802 1516 origini
819 1453 899 1498 suae
919 1435 1032 1500 redditi
1050 1438 1114 1501 sint
1134 1457 1251 1524 perpo-

96 1532 150 1586 tuo
171 1521 265 1587 se'rvi.
655 1603 687 1666 X

182 1689 308 1752 Etenim
328 1688 440 1772 decet,
456 1698 502 1754 ut
521 1687 554 1751 bi
575 1704 706 1772 quorum
723 1697 872 1770 parentes
893 1686 1016 1750 titulum
1035 1689 1189 1756 libertatis
1209 1690 1252 1758 de

98 1773 225 1838 familiis
245 1776 403 1838 ecelesiae
424 1782 651 1857 perceperunt,
680 1775 760 1836 intra
782 1774 970 1855 ecelesiam,
995 1776 1047 1836 cui
1067 1777 1251 1858 obsequium

99 1861 234 1942 debent,
264 1877 364 1924 eausa
387 1862 568 1924 eruditionis
589 1861 799 1942 enutriantur3
827 1867 1026 1939 contemptus
1056 1863 1170 1944 quippe
1200 1874 1252 1928 est

97 1956 313 2028 patronorum,
343 1947 371 2009 si
396 1948 476 2028 ipsis
501 1945 661 2028 neglectis
690 1945 760 2008 aliis
787 1945 830 2006 ad
850 1944 1045 2007 educandum
1066 1946 1157 2010 detur
1176 1968 1252 2029 pro·

7 2075 9 2078 -
99 2033 211 2116 genias
238 2033 507 2094 manumissorum.
560 2033 671 2112 ltaque
700 2049 885 2111 censemus,
911 2038 947 2092 ut
973 2031 1043 2092 sine
1069 2033 1120 2095 sui
1145 2043 1252 2098 status

25 2183 31 2190 ,
99 2116 289 2200 praejudicio
311 2117 351 2180 ab
373 2117 534 2199 episcopis
550 2115 724 2179 habeantur
733 2117 769 2178 'in
785 2115 945 2180 doctrinae
960 2116 1154 2201 obsequium,
1170 2139 1252 2202 qua-

98 2213 192 2268 tenus
215 2213 248 2265 et
268 2201 311 2264 illi
333 2204 472 2268 debitum
492 2201 624 2266 reddant
644 2202 826 2264 famulatum
848 2210 881 2264 et
900 2202 1017 2266 nullum
1032 2205 1188 2284 patiantur
1200 2208 1252 2269 in·
1279 2252 1281 2258 -

99 2289 270 2372 genuitatis
291 2307 370 2352 suae
394 2289 631 2360 detrimentum:
664 2306 722 2349 eos
742 2305 836 2364 vere,
866 2288 920 2368 qui
944 2288 1153 2370 aliterquam
1174 2311 1253 2354 sen·
1331 2360 1336 2373 ,

98 2375 199 2438 tentia
224 2384 333 2437 nostra
358 2375 500 2438 decrevit
526 2392 625 2457 agere
656 2373 865 2454 tentaverint,
898 2373 1017 2435 invitos
1036 2371 1185 2454 jubemus
1212 2379 1252 2442 ab

100 2461 268 2541 episcopis,
281 2460 322 2522 ad
343 2461 405 2526 hoo
425 2461 528 2542 ipsum
541 2458 665 2522 reduci.
713 2456 806 2537 Quod
826 2462 855 2521 si
875 2457 1125 2538 forteparentes
1145 2483 1253 2530 comm

101 2563 160 2608 eos
186 2545 384 2626 pontificibus
409 2547 478 2609 suis
503 2545 578 2608 dare
605 2543 851 2625 contempserint
871 2552 905 2606 et
924 2544 1003 2606 alios
1023 2546 1084 2609 sibi
1103 2556 1254 2630 patronos

99 2631 339 2714 adoptaverint,
364 2633 554 2716 ingratorum
574 2631 725 2694 feriantur
742 2631 818 2713 lego
838 2629 1024 2692 libertorum.

181 2831 319 2917 Dignum
340 2841 401 2916 est,
423 2841 457 2895 ut
478 2833 545 2896 vita
566 2831 778 2896 innocentium
790 2830 824 2912 ²)
846 2851 908 2894 non
928 2833 1102 2896 maculetur
1114 2835 1252 2915 pernicie

101 2920 319 2992 accusantium
331 2917 386 2998 ³):
418 2919 490 2982 ideo
518 2919 659 3002 quisquis
681 2935 701 2980 a
721 2917 861 3000 quolibet
880 2917 1056 2980 criminatur
1075 2939 1137 2981 non
1158 2931 1252 2985 antea

100 3011 272 3066 accusatus
303 3003 454 3086 supplicio
486 3003 669 3085 dedicetur,
706 3021 800 3085 quam
828 3009 1252 3089 accusatorpraesentetur,
1324 3032 1326 3038 s

100 3098 196 3170 atque
224 3089 332 3170 legum
359 3097 393 3151 et
420 3107 573 3152 canonum
600 3091 780 3152 sententiae
806 3090 1067 3173 exquirantur⁴),
1096 3099 1132 3154 ut
1152 3091 1181 3154 si
1200 3093 1253 3154 in-

101 3173 199 3257 digna
219 3173 261 3236 ad
281 3175 493 3238 accusandum
506 3175 540 3253 5)
561 3194 697 3255 persona
716 3175 889 3255 invenitur,
918 3175 958 3237 ad
979 3173 1050 3255 ejus
1071 3181 1253 3240 accusatio-

99 3279 172 3321 nem
193 3277 255 3322 non
273 3258 448 3342 judicetur,
468 3261 530 3324 nisi
549 3262 603 3324 ubi
623 3276 679 3341 pro
701 3261 807 3341 capite
826 3261 936 3342 regiae
956 3260 1133 3341 majestatis
1154 3281 1253 3326 eausa

96 3353 250 3408 versatur.
523 3396 525 3400 ι
1129 3369 1130 3374 ’

641 3429 710 3490 Xll.
811 3439 814 3450 ’

1242 3469 1258 3496 Ι

184 3514 357 3574 Pravarum
377 3511 510 3575 audacia
531 3513 680 3576 mentium
701 3531 800 3593 saepe
821 3517 874 3574 aut
895 3511 1013 3574 malitia
1027 3513 1252 3595 cogitationum

97 3605 154 3662 aut
175 3616 275 3659 eausa
297 3597 456 3677 culparum
483 3598 636 3680 refugium
664 3599 785 3680 appetit
810 3596 967 3660 hostium:
999 3597 1083 3659 unde
1109 3599 1253 3681 quisquis

88 3689 236 3764 patrator
256 3682 464 3762 causarum⁶J
485 3683 625 3745 extiterit
645 3685 767 3764 talium,
792 3683 928 3745 virtutes
950 3683 1073 3744 enitens
1085 3682 1119 3762 l)
1140 3685 1252 3746 deien-

95 3769 172 3831 dere
192 3765 458 3849 adversariorum,
486 3775 520 3828 et
539 3769 659 3850 patriae
678 3771 732 3830 vel
753 3769 842 3851 genti
862 3783 941 3830 suae
960 3767 1145 3830 detrimenta
1166 3771 1252 3832 intu-

95 3855 167 3916 lerit
187 3871 304 3936 rerum,
332 3853 364 3916 in
384 3860 545 3934 potestate
566 3855 717 3936 principis
735 3870 775 3916 ao
796 3853 903 3936 gentis
923 3849 1091 3936 reductus,
1118 3873 1251 3918 excom-

95 3939 272 4001 municatus
289 3937 324 4018 ⁸)
364 3947 399 4002 et
436 3948 578 4002 retrusus
615 3939 838 4022 longinquioris
876 3937 1089 4018 paenitentiae
1126 3939 1251 4024 legibus

96 4023 256 4087 subdatur.
285 4021 379 4104 Quod
396 4025 423 4088 si
438 4023 508 4106 ipse
528 4023 601 4087 moli
621 4026 669 4087 sui
689 4027 774 4108 prius
794 4023 999 4088 reminiscens
1019 4023 1060 4086 ad
1081 4026 1250 4090 ecelesiam
1349 4043 1356 4052 ²

211 4209 214 4220 ι

132 4265 160 4334 ¹)
179 4283 241 4320 arou
262 4281 319 4317 ιιιιιι
344 4263 382 4317 Μ.
440 4295 474 4310 υ-
543 4267 575 4336 ι)
599 4263 691 4320 Malim
715 4263 836 4333 equidem
859 4268 1046 4333 ιἰιιιιιιιιιιιιιιιι,
1078 4272 1251 4338 caemcntum

109 4363 111 4368 ·
166 4353 247 4405 quam
264 4338 433 4400 decommum,
449 4346 611 4390 ιιιιιιιιιιιιιιιι
628 4333 700 4406 quod
717 4333 832 4388 editores
849 4339 951 4390 collect.
964 4337 1042 4408 Hisp.
1059 4341 1249 4404 praetulerant.

131 4403 161 4470 ³)
179 4414 208 4458 ut
224 4407 280 4457 otta
301 4405 443 4458 ὁιιιιοιιιιιιι
464 4407 537 4460 eadm
554 4409 694 4460 motuinus·
709 4405 822 4472 peretola
839 4409 996 4460 ιιιιιιιιιιιὶι
1011 4409 1040 4462 in
1056 4425 1093 4461 ιιι.
1108 4409 1146 4461 Μ.
1179 4433 1216 4452 -

131 4473 161 4537 ⁴)
174 4475 306 4526 moestia
324 4473 478 4543 mutulam
494 4475 534 4529 Μ.
576 4503 611 4518 -
652 4475 682 4541 ὅ)
700 4475 734 4526 ud
751 4477 905 4529 caruaodera
920 4477 949 4531 iu
967 4495 1003 4531 ιιι.
1022 4479 1059 4532 Μ.
1093 4503 1129 4518 -
1208 4510 1213 4518 ·

131 4540 357 4609 ‘inumeris
375 4545 465 4600 multi.
498 4573 534 4592 -ψ
570 4546 600 4614 ι)
616 4547 710 4596 elmete
726 4561 754 4596 se
770 4545 855 4596 ιιῑιιιιι
871 4546 900 4599 in
918 4553 1007 4612 textu,
1024 4553 1145 4600 νιιιιιιιιιι
1162 4553 1249 4613 palm

71 4625 73 4635 ·
163 4611 191 4666 in
210 4629 245 4666 nr.
262 4611 300 4665 lt
343 4641 378 4652 -
424 4614 453 4680 ΙΙ)
471 4615 702 4668 escoruraenieutuo
719 4613 840 4666 deestin
859 4618 923 4670 Lao.
956 4643 992 4659 ’-
