2912 5060
197 235 271 316 Q!
411 285 414 289 -
472 227 713 310 ΟΟΜῚΠΗΜ
739 231 1083 306 rotmannum

203 411 267 478 rius
287 408 452 478 noemae
469 408 629 480 ecclesiae
648 407 805 494 pontifex,
830 406 884 490 qui
910 423 973 472 non
988 407 1096 472 solum
1117 406 1355 488 praestatae

114 499 141 552 ί
203 497 369 560 illustravit
395 495 455 560 sed
481 504 515 560 et
540 496 635 578 longe
662 495 839 558 existentes
859 493 1015 558 ecelesias
1038 510 1098 556 sua
1118 492 1258 558 doctrina
1277 513 1354 576 per·
1377 540 1380 545 -

187 580 325 662 'nocua
356 581 551 664 efflagitante
577 579 776 644 sanctissime
804 577 946 642 heandro
974 577 1125 659 episcopo
1146 579 1186 642 de
1207 579 1269 642 hac
1289 581 1353 642 Hi-

203 667 334 748 spaniao
359 665 547 730 diversitate.
567 664 642 745 quid
669 664 773 744 potins
800 669 889 726 esset
908 663 1117 744 sequendum,
1142 665 1225 728 inter
1244 672 1353 728 cetera

202 751 379 820 rescribens
406 751 436 812 ei
465 752 514 815 sic
541 750 586 812 ait
599 749 650 826 ¹):
687 749 737 810 De
765 748 844 810 trina
870 766 946 810 vero
972 750 1128 812 mersione
1155 749 1353 830 baptismatis

128 835 136 886 ἶ
203 836 278 898 nihil
297 835 479 914 responderi
505 835 612 896 verius
631 840 738 913 potest
759 851 851 913 quarn
870 833 933 912 ipsi
952 833 1117 914 sensistis,
1143 835 1216 915 quia
1236 835 1270 896 in
1288 853 1352 896 una

203 919 266 984 fide
293 919 368 985 nibil
395 919 494 982 officit
520 926 652 982 sanctae
680 918 839 984 ecelesiae
866 917 1061 980 consuetudo
1089 917 1223 982 diversa.
1279 919 1351 983 Nos
1447 927 1448 952 ¹

124 1045 151 1061 ..
203 1013 308 1068 autem
335 1004 419 1085 quod
444 1004 537 1067 tertio
563 1002 733 1084 mergimus
760 1001 920 1066 triduanae
948 1002 1128 1082 sepulturae
1153 1012 1351 1070 saonmenta

202 1091 382 1171 signamus,
411 1097 446 1152 ut
473 1087 546 1150 dum
572 1087 663 1150 tertio
684 1087 724 1149 ab
745 1087 836 1166 aquis
856 1087 957 1150 infans
978 1087 1136 1169 educitur,
1163 1089 1358 1154 resurreetio.

201 1173 335 1236 triduani
354 1174 503 1254 temporis
523 1173 725 1253 exprimatur-3
745 1171 829 1251 quod
843 1171 872 1232 si
885 1171 957 1252 quis
969 1172 1049 1236 forte
1066 1174 1165 1236 ‘etiam
1185 1191 1240 1254 pro
1261 1191 1358 1236 sum-·

202 1275 274 1320 mae
289 1257 435 1322 trinitatis
447 1259 647 1322 veneratione
664 1254 948 1336 existimetllfieri,
969 1275 1073 1338 neque
1094 1257 1134 1320 ad
1154 1258 1217 1320 hoo
1235 1257 1350 1338 aliquid
1412 1313 1414 1318 .

202 1342 328 1406 obsistit
348 1343 565 1422 baptizandum
586 1343 684 1404 semel
705 1343 737 1402 in
759 1341 849 1422 aquis
869 1359 1027 1423 mergere,
1053 1343 1126 1422 quia
1146 1341 1219 1405 dum
1239 1343 1271 1406 in
1292 1342 1351 1404 tri-

201 1427 262 1490 bus
281 1427 576 1500 subsistentiisuna
596 1426 772 1490 substantio
794 1433 860 1506 est,
888 1426 1129 1516 reprehensibile
1151 1445 1226 1490 esse
1244 1427 1351 1490 nulla-

200 1520 295 1574 tenus
314 1521 421 1592 potest
436 1511 584 1576 infantem
605 1513 635 1574 in
656 1512 843 1591 baptismate
863 1510 916 1570 vel
936 1519 984 1572 ter
1003 1511 1056 1574 vel
1077 1513 1176 1575 semel
1195 1531 1350 1596 mergere,

78 1585 85 1596 ’
172 1641 177 1658 ,
201 1596 326 1678 quando
355 1605 388 1658 et
415 1597 448 1658 in
475 1599 573 1660 tribus
593 1597 798 1658 mersionibus
817 1611 1017 1674 personarum
1039 1597 1160 1658 trinitas
1181 1605 1214 1658 et
1234 1599 1266 1660 in
1286 1615 1349 1660 una

200 1689 309 1760 potest
336 1680 508 1744 divinitatis
533 1681 733 1763 singularitas
764 1680 930 1762 designari.
987 1679 1055 1742 Sed
1082 1682 1110 1742 si
1139 1699 1351 1762 nuncusque

201 1766 241 1828 ab
267 1765 433 1846 haereticis
463 1767 563 1828 infans
593 1768 624 1828 in
654 1753 841 1846 bapti'smate
861 1765 960 1826 tertio'
972 1766 1190 1847 mergebatur,
1212 1765 1350 1843 fiendum
1381 1786 1386 1796 ¹

200 1850 284 1930 apud
303 1870 363 1913 vos
390 1870 464 1914 esso
487 1871 549 1912 non
576 1847 709 1929 censeo,
736 1869 777 1910 ne
798 1849 870 1910 dum
890 1849 1062 1912 mersiones
1082 1860 1244 1913 numerant
1264 1851 1351 1914 divi·
1449 1877 1450 1890 ¹

130 1975 141 1992 .
199 1935 328 1998 nitatem
354 1935 509 2014 dividant,
535 1935 670 2014 dunque
696 1933 780 2014 quod
807 1933 963 1996 faciebant
988 1934 1121 2016 faciunt,
1150 1953 1265 1998 morem
1285 1955 1352 2000 are-.-

200 2027 299 2082 strum
326 2037 363 2082 se
388 2020 507 2080 vicisse
534 2019 711 2101 glorientur.
771 2015 966 2097 Quapropter
986 2020 1059 2098 qnia
1079 2019 1119 2080 de
1139 2029 1270 2102 utreque
1291 2039 1352 2084 sa·

200 2111 358 2166 cremento
383 2102 466 2183 quod
492 2101 528 2164 fit
554 2104 586 2164 in
611 2111 723 2164 sancto
743 2101 898 2182 baptismo
919 2121 940 2164 a
961 2110 1048 2164 tanto
1068 2105 1135 2165 viro
1156 2105 1276 2168 reddita
1296 2114 1350 2168 est

199 2189 302 2268 ratio,
337 2187 420 2266 quod
452 2198 615 2268 utrumque
645 2195 785 2268 rectum,
822 2195 985 2267 utrumque
1017 2189 1281 2270 irreprehensibile
1313 2192 1347 2253 in

138 2301 139 2306 ¹
198 2281 312 2337 sancta
339 2272 389 2334 dei
415 2271 553 2336 ecclesia
579 2271 750 2351 habeatur,
779 2280 903 2352 propter
922 2273 1083 2336 vitandum
1108 2283 1212 2336 autem
1237 2274 1346 2336 schis-

198 2358 292 2418 matis
312 2355 494 2422 scandalum
513 2357 566 2418 vel
585 2357 736 2419 haeretici
755 2355 912 2438 dogmatis
932 2375 1023 2420 usum
1033 2403 1043 2438 ,
1071 2359 1211 2439 simplam
1230 2367 1346 2420 tenea-

198 2459 269 2504 mus
300 2441 445 2520 baptismi
473 2442 674 2522 mersionem,
702 2443 747 2502 'ne
776 2442 941 2504 videantur
975 2442 1058 2522 apud
1087 2463 1146 2506 nos
1174 2444 1227 2526 qui
1253 2445 1346 2506 tertio

115 2599 125 2617 ἢ
197 2535 345 2610 mergunt,
363 2527 587 2590 haeretioomm
611 2527 781 2606 approbare
795 2526 829 2605 ³)
858 2528 1076 2608 assertionem,
1105 2529 1177 2591 dum
1204 2547 1348 2610 sequun-

197 2619 248 2673 tur
276 2620 309 2672 et
335 2629 467 2692 morem,
501 2619 535 2674 et
560 2631 601 2674 ne
628 2613 707 2674 sorte
733 2612 876 2690 cuiquam
903 2612 946 2672 sit
972 2610 1097 2674 dubium
1122 2611 1214 2693 hujus
1244 2615 1348 2694 simpli

198 2695 381 2777 mysterium
404 2696 607 2776 sacramenti,
634 2694 743 2756 videat
770 2695 802 2756 in
828 2713 867 2756 eo
888 2704 1017 2758 mortem
1038 2707 1071 2758 ot
1091 2700 1347 2760 resurrectionem

198 2779 317 2842 Christi
337 2781 527 2862 significari3
556 2799 637 2842 nam·
653 2781 686 2840 in
707 2781 797 2859 aquis
818 2781 930 2841 mersio
951 2784 1042 2862 qnasi
1062 2784 1093 2842 in
1114 2784 1264 2845 infernum
1285 2783 1347 2845 de·

197 2865 325 2927 scansio
347 2874 416 2944 est,
444 2874 478 2926 et
503 2883 608 2926 mrsua
636 2865 675 2926 ab
697 2865 787 2943 aquis
808 2865 939 2926 emersio
960 2869 1144 2929 resurrectio
1164 2878 1223 2930 est.
1266 2869 1346 2930 Item

196 2948 371 3028 siderate)
397 2951 428 3010 in
455 2967 494 3010 eo
519 2950 670 3012 unitatem
698 2948 869 3011 divinitatis
894 2959 927 3011 et
952 2952 1119 3013 trinitatem
1143 2969 1346 3034 personamm

196 3034 337 3116 ostendi,
357 3035 507 3096 unitatem
527 3034 600 3096 dum
612 3034 719 3111 ,semel
739 3036 909 3116 mergimus
919 3033 952 3112 ὅ)
959 3080 968 3114 ,
990 3038 1155 3100 trinitatem
1172 3037 1245 3100 dnm
1266 3038 1345 3118 ino)

195 3119 319 3180 nomine
345 3120 443 3199 patris
471 3128 504 3180 et
531 3119 585 3180 lilii
611 3127 644 3180 et
669 3119 796 3197 spiritus
816 3119 918 3183 sancti
938 3121 1142 3200 baptizamus.
1195 3123 1347 3185 Panditur

194 3202 288 3285 hujus
326 3203 493 3286 singularis
533 3204 744 3285 baptismatis
768 3205 949 3286 mysterium
987 3207 1079 3268 etiam
1114 3215 1292 3270 sanctarum
1310 3207 1345 3286 a)

194 3290 414 3370 scripturamm
441 3291 611 3371 exempliS,
643 3289 742 3350 Paulo
771 3289 913 3368 apostolo
944 3297 1138 3364 attestante:
1175 3290 1258 3356 Nolo
1289 3311 1345 3354 coa

195 3375 361 3454 ignorare,
382 3377 524 3454 fratres,
548 3375 695 3456 quoniam
711 3381 826 3454 patres
846 3377 949 3435 nostri
969 3395 1073 3438 omnes
1094 3376 1150 3460 scd
1170 3377 1253 3439 nude
1265 3381 1344 3457 jim-

193 3465 285 3534 mot,
312 3465 346 3520 et
366 3477 472 3520 omnes
491 3479 580 3520 moro
600 3460 798 3520 transierunt
818 3465 855 3519 et
872 3477 977 3522 omnes
997 3462 1034 3521 a'n
1053 3459 1162 3541 Moyse
1183 3462 1344 3542 baptizata·

92 3562 95 3567 ’
193 3549 270 3604 amat
296 3543 332 3604 in
356 3543 441 3606 nube
465 3550 499 3606 ot
527 3545 564 3605 ἐκ
591 3545 676 3604 marr·
688 3541 749 3619 8).·
783 3562 869 3605 mare
897 3547 1011 3626 quippe
1034 3549 1156 3607 rubrum
1184 3547 1345 3628 significat

192 3627 380 3708 baptismum
409 3627 527 3692 Christi
557 3628 711 3710 sanguino
738 3637 972 3710 consecratum,
1006 3649 1063 3710 per
1091 3649 1183 3712 quem
1209 3633 1344 3711 populus

193 3709 245 3774 dei
271 3714 370 3776 semel
397 3714 533 3796 transiit,
559 3713 612 3774 ubi
639 3720 744 3773 tamen
772 3721 840 3774 tota
868 3722 935 3775 emt
959 3715 1104 3795 trinitas,
1132 3715 1344 3794 praecedente

191 3798 339 3879 populum
359 3799 503 3861 columna
527 3797 611 3880 ignis
640 3806 673 3858 et
697 3795 805 3878 nubis3
833 3799 865 3858 in
892 3797 967 3882 igne
995 3801 1109 3880 quippe
1136 3800 1366 3882 significaba-.

192 3891 242 3944 tur
254 3882 288 3961 ⁹)
308 3891 412 3964 pater,
439 3885 471 3945 in
491 3885 635 3946 columna
655 3881 753 3964 tilius,
780 3881 814 3943 in
833 3884 916 3945 nube
937 3884 1064 3964 spiritns
1084 3893 1224 3948 sanctus.
1263 3884 1342 3946 Jor-

193 3965 283 4028 danis
305 3985 430 4048 quoque
449 3968 568 4030 fluenta
587 3985 659 4029 cum
680 3985 754 4030 arca
777 3968 912 4046 populus
938 3969 990 4031 dei
1016 3970 1115 4031 semel
1142 3967 1342 4051 transiit10),

190 4069 248 4131 per
272 4051 355 4132 quod
382 4052 576 4134 significatur
602 4051 714 4132 sirnpla
738 4053 852 4114 mersio
879 4053 1092 4137 baptismatis,
1119 4053 1210 4136 cujus
1230 4072 1345 4118 sacre·

190 4143 297 4198 mento
330 4137 470 4218 eeclesia
499 4136 649 4216 abluitur,
687 4143 721 4198 et
752 4135 793 4198 de
825 4139 946 4202 saeculi
974 4138 1067 4221 hujus
1100 4141 1256 4204 laboribus
1284 4159 1343 4222 per

227 4367 257 4434 ¹.)
273 4367 341 4436 Epp.
358 4369 404 4422 lib.
417 4369 454 4434 1.,
475 4366 531 4424 41..
559 4369 604 4406 -”
652 4367 682 4437 ¹.)
699 4370 742 4426 Al.
759 4375 887 4424 aestimet.
925 4397 960 4410 -
1019 4369 1049 4437 ⁸)
1065 4369 1176 4436 probaro
1197 4372 1235 4426 Μ.
1269 4400 1306 4414 ·—

224 4437 255 4504 ⁴)
271 4439 355 4490 uideat
370 4439 409 4492 M.
443 4466 479 4480 -·
514 4434 728 4504 ⁵)a'mmcrpr‘maa
744 4441 783 4492 M.
808 4455 846 4482 -·
879 4439 1105 4508 ⁶)a'rrom.aM.
1132 4467 1167 4480 ·-
1203 4443 1341 4510 '‘lancra-

242 4521 316 4564 „rom
332 4509 370 4560 Μ.
404 4533 450 4548 -·›
482 4506 719 4574 ⁸)lcor.10,2.
753 4510 840 4564 Exod.
853 4511 900 4578 13,
919 4511 961 4562 21.
990 4509 1100 4575 uste.
1135 4537 1170 4550 -
1212 4511 1341 4580 ’Μηί-

257 4575 347 4639 ficetum
363 4575 400 4628 ld.
435 4605 469 4614 —
514 4575 563 4643 ¹⁰)
580 4576 782 4644 toreuma.
819 4610 849 4620 -
1027 4611 1031 4621 ·
