2916 5050
56 2701 128 2877 'ru

192 262 264 347 'rat
453 270 676 345 conunrun
696 273 1038 345 amrnrcrnnnsn
1052 277 1104 343 ur.

200 459 235 514 et
261 449 343 513 filiae
374 439 501 516 iratrnm
531 459 586 514 ant
613 460 753 514 sororum
774 457 809 512 et
829 467 1046 534 quaecumque
1069 469 1112 514 ex
1132 451 1266 538 familie,
1294 455 1357 520 do-

200 537 333 599 mestioa
353 539 562 620 necessitate,
585 535 679 599 etiam
700 544 867 618 antequam
888 533 1110 620 ordinarentur,
1128 536 1194 617 jam
1214 557 1287 602 cum
1308 545 1358 608 eis

199 621 474 704 habitabant,=vet
502 623 531 686 si
558 623 612 684 lilii
640 639 746 684 eorum
769 619 835 702 jam
861 619 1010 685 ordinatis
1037 623 1218 704 parentibus
1239 645 1357 694 uxores

200 707 448 790 acceperint1),
468 718 525 771 aut
545 707 649 770 servis
669 727 731 770 non
753 707 939 772 habentibus
961 709 993 772 in
1014 708 1106 772 domo
1127 729 1206 793 quas
1227 711 1355 800 ducant,

199 791 329 892 aliunde
345 792 460 858 ducere
480 795 658 858 necessitas
680 791 823 940 fqurxtsffl

157 1028 161 1035 ,
281 961 325 1028 Ut
353 963 512 1045 episcopi,
525 963 714 1046 'presbyteri
734 969 777 1040 et
798 957 920 1026 diaconi
941 981 1003 1026 non
1025 961 1217 1048 ordinentur,
1245 967 1353 1048 prius-

198 1066 291 1130 quam
313 1067 433 1114 ¹omnes
462 1051 515 1133 qui
543 1057 618 1112 sunt
648 1051 679 1113 in
708 1048 800 1112 domo
829 1067 935 1112 eorum
963 1049 1150 1114 christianos
1178 1051 1352 1118 catholicos

198 1134 338 1198 fecerint.
777 1197 781 1206 .

628 1233 631 1240 ’
728 1217 817 1282 xlx.

282 1303 421 1388 Placuit,
456 1309 492 1365 ut
520 1301 674 1384 lectores,
703 1319 775 1366 cum
802 1299 843 1366 ad
871 1319 971 1366 annos
995 1296 1168 1390 pubertatis
1192 1310 1350 1399 venerint,

197 1397 351 1473 cogantur
373 1397 428 1454 aut
447 1407 563 1452 uxores
584 1386 700 1454 ducere
721 1396 775 1452 aut
795 1387 1017 1452 continentum
1036 1389 1171 1472 profiteri
1186 1390 1230 1471 ²).

279 1559 403 1624 Placuit
423 1567 459 1622 ut
479 1577 500 1621 a
519 1557 603 1620 nullo
626 1555 774 1638 episcopo
795 1519 982 1640 usurpentur
997 1547 1106 1658 plebes
1127 1560 1263 1643 alienae,
1285 1583 1348 1630 nee

195 1639 309 1730 aliquis
324 1647 541 1728 episcoporum
558 1642 812 1792 supergred'qqur
827 1643 858 1706 in
874 1645 1013 1708 dioecesr
1030 1661 1121 1706 suurn
1137 1643 1293 1733 collegam
1303 1651 1347 1732 ³).

279 1814 324 1878 Ut
344 1816 490 1879 clericum
512 1813 662 1894 alienum,
683 1812 744 1874 nisi
766 1767 960 1876 codrcedente
978 1811 1052 1894 ejus
1073 1813 1233 1900 episcopo,
1254 1839 1346 1883 nemo

195 1899 312 1964 audeat
330 1903 383 1964 vel
404 1903 537 1964 retinere
557 1899 611 1959 vel
631 1911 814 1980 promovero
836 1901 868 1961 in
889 1899 1027 1962 ecclesia
1046 1901 1106 1961 sibi
1119 1903 1254 1988 credita,
1275 1906 1354 1970 cle-.

193 1986 325 2048 ricorum
352 1996 457 2054 autem
484 2003 599 2049 nomen
624 1985 718 2047 ctiam
745 1983 882 2049 lectores
910 1991 944 2049 ot
968 1985 1151 2068 psalmistae
1173 1997 1206 2052 et
1227 1991 1345 2056 ostiarii

191 2072 334 2136 retinent.
807 2089 813 2098 “

715 2153 817 2218 ΧΧΠ.

277 2237 321 2302 Ut
345 2237 449 2302 nullus
469 2237 626 2303 ordinetur
646 2239 781 2304 clericus
800 2238 862 2304 uisi
880 2237 1031 2322 probatus
1052 2237 1105 2302 vei
1127 2242 1342 2328 episcoporum

193 2325 337 2390 examine
357 2325 411 2388 vel
430 2323 536 2410 popuii
556 2326 820 2475 testimoniyo,XIII
1319 2373 1322 2377 .

190 2493 194 2504 '
244 2524 246 2532 v
275 2499 321 2564 Ut
345 2513 437 2560 neme
464 2500 496 2562 iu
523 2497 670 2580 precibus
696 2497 749 2560 vel
776 2504 897 2578 petrem
925 2507 982 2576 pro
1007 2493 1070 2558 lilio
1091 2493 1144 2558 vel
1171 2487 1266 2560 tilium
1287 2519 1342 2582 pro

191 2593 280 2668 patre
306 2586 460 2666 nominet,
487 2593 521 2646 et
541 2603 612 2648 cnm
633 2583 723 2647 altari
743 2581 905 2647 adsistitur
924 2598 1048 2662 semper
1068 2582 1109 2644 ad
1126 2591 1245 2662 patrem
1267 2583 1342 2649 diri-

190 2669 284 2758 g'atur
311 2672 426 2754 orati03
451 2677 488 2732 et
508 2671 694 2752 quicumque
721 2669 781 2731 sibi
808 2683 921 2750 preces
942 2665 1066 2730 aliunde
1088 2663 1265 2752 describit,
1278 2691 1341 2734 non

190 2760 239 2820 eis
267 2763 387 2843 utatur,
416 2751 476 2820 nisi
502 2756 588 2838 prius
614 2773 671 2818 eas
692 2772 763 2817 cum
784 2743 1048 2816 instructioriblr'd'
1057 2751 1200 2817 fratribus
1226 2758 1341 2820 contu·
1403 2803 1405 2812 Α

189 2841 260 2906 ierit
273 2841 318 2922 ⁴).
372 2843 373 2846 ’
540 2865 543 2870 ·
804 2827 1000 2865 Μ
1213 2853 1228 2869 ·

219 3018 223 3027 ’
267 3007 318 3075 Ut
343 3011 375 3072 in
403 3008 617 3072 sacrmentis'
635 3007 773 3088 corporis
800 3015 834 3070 et
850 3003 1018 3090 sanguinis
1039 3003 1153 3068 domini
1173 3007 1248 3070 nuri}
1269 3017 1340 3076 em-
1379 3029 1383 3034 ·

187 3098 270 3182 plius
290 3094 452 3175 offeratur,
478 3111 571 3174 quam
597 3093 667 3174 ipse
695 3091 838 3155 dominus
863 3090 1005 3174 tradidit,
1033 3091 1098 3174 lroc‘
1122 3101 1173 3154 est
1194 3095 1284 3175 penis
1306 3087 1340 3160 ei

187 3185 294 3246 vinum
313 3197 415 3272 aquae
435 3179 565 3240 mixtum
579 3176 629 3260 ⁸),
655 3196 716 3242 nec
737 3177 869 3260 amplius
888 3176 921 3242 in
940 3178 1104 3242 sacrificiis
1118 3176 1153 3257 ο)
1181 3179 1338 3266 offepatur,

188 3287 280 3356 quem
300 3265 343 3330 de
364 3265 438 3328 uvis
458 3273 492 3327 ct
511 3255 672 3329 frmdentis
687 3263 805 3414 ’ξω

276 3435 320 3500 Ut
348 3433 453 3498 clerici
487 3431 540 3496 vel
572 3433 770 3496 continentes
802 3429 844 3494 ad
873 3429 987 3494 viduas
1016 3431 1069 3494 vel
1102 3431 1243 3515 virgines
1275 3435 1337 3500 nisi

182 3519 277 3604 jussu
290 3517 325 3598 ⁸)
358 3519 411 3582 vel
440 3519 595 3602 permissu
627 3520 843 3602 episcoporum
874 3525 908 3580 et
923 3516 959 3597 ο)
994 3515 1244 3602 presbyterorum
1274 3540 1337 3586 non

186 3673 386 3698 ..nna—un·-

226 3735 658 3875 ”uiti'ii'tolaltbeu
674 3733 1336 3876 ,ttflanrzlburutunrftt

255 3889 351 3928 cruores
372 3877 497 3928 custodito
519 3878 645 3946 pudicitia
667 3876 804 3944 timorist,
834 3885 880 3930 cut
896 3875 1076 3928 mineatum
1096 3877 1208 3943 proferri
1228 3878 1336 3944 fuerim,

134 3979 137 3985 s
254 3945 338 4012 tepere
352 3959 403 3996 ooo
418 3947 544 4000 dauntre.
568 3943 664 4002 Mansi.
690 3974 725 3986 -
772 3948 802 4016 ³)
828 3949 856 4000 ta
878 3945 1012 3998 dioecesim
1029 3945 1141 4010 couepae
1157 3959 1219 3997 saue
1239 3945 1335 4014 Hard,

255 4015 287 4066 A.
304 4011 423 4068 E..3.4.
441 4013 476 4069 G.
497 4045 534 4058 -
573 4019 603 4086 ⁴)
621 4015 775 4070 Rbeinrrald
793 4019 810 4070 l.
828 4032 851 4069 e.
869 4032 894 4086 p.
911 4015 1034 4069 subnot.
1051 4016 1076 4066 3.
1100 4043 1136 4052 -
1172 4013 1201 4082 ⁵)
1217 4017 1336 4082 perosio-

255 4085 381 4138 eman
408 4115 445 4128 -
479 4085 937 4156 ⁸)prtmtuor1ard.et0.fflsp.
970 4113 1007 4126 -
1048 4083 1153 4152 unce
1170 4087 1335 4154 eapxxrv.

254 4153 282 4207 in
305 4154 414 4208 retortis
438 4155 571 4212 codicibus
592 4157 630 4210 ita
653 4154 782 4208 babetur:
818 4155 851 4208 tn
878 4157 906 4207 in
929 4155 1097 4206 morcmmtis
1120 4157 1189 4222 corp,
1207 4161 1239 4224 ,et
1260 4172 1338 4223 rma.

254 4225 320 4280 tribul
335 4223 377 4266 —'
390 4225 508 4293 tradidit,
525 4227 571 4279 boo
586 4233 625 4279 eet
641 4227 717 4292 ponis
734 4231 759 4276 et
776 4225 861 4277 oiarrnr
878 4239 945 4293 aquo
960 4225 1078 4276 mictrtm.
1112 4225 1249 4280 Primitiae
1263 4241 1333 4294 vero,

253 4310 298 4347 rere
323 4298 373 4349 mel
400 4303 426 4348 et
455 4298 515 4362 tce,
543 4297 608 4364 qnod
638 4309 687 4345 uno
719 4295 761 4345 die
790 4295 974 4350 solemnissima
1002 4309 1050 4361 pro
1075 4293 1185 4362 isefontis
1212 4299 1333 4362 mysterio
1447 4309 1451 4324 ·=

253 4367 318 4418 colet
347 4365 460 4430 offerri,
485 4367 599 4434 quumvis
621 4365 649 4415 io
671 4363 753 4414 altori
774 4361 920 4430 offeratur,
946 4379 1022 4415 saum
1045 4371 1129 4416 tomes
1152 4357 1245 4416 doinst
1266 4381 1333 4432 pro-
1450 4429 1451 4446 ἢ

251 4437 338 4504 prium
361 4436 571 4500 benedictorem,
593 4439 622 4484 ut
640 4449 658 4484 o
672 4435 870 4486 rnmnmcrtod
911 4435 973 4486 briei
994 4435 1110 4502 eorporis
1133 4441 1179 4486 out
1199 4437 1334 4502 mnpotatr

253 4507 456 4572 delinquentum
478 4515 524 4555 noc
540 4501 697 4570 amplitude
751 4500 839 4556 'mitiis
893 4511 995 4568 notor,
1017 4519 1092 4572 quom
1109 4501 1142 4555 de
1157 4506 1213 4556 uois
1230 4513 1255 4558 et
1271 4507 1333 4571 frer-

252 4577 344 4626 mentr's
378 4571 473 4625 Massi.
491 4599 526 4611 -
543 4571 695 4638 llbqinorald
747 4589 770 4626 c
788 4591 814 4642 p.
830 4573 883 4628 306
900 4580 952 4627 not
968 4573 994 4628 3.
1011 4573 1136 4626 Neandsr
1152 4575 1169 4626 lt
1188 4589 1212 4644 φ.
1229 4575 1332 4642 τοΗι,

251 4643 451 4711 prouocat.
486 4647 532 4682 -‘
562 4641 873 4714 ⁸)edp'wu0rllitp.
907 4669 943 4686 v·-
988 4641 1226 4712 ⁹)corcuntep.
1248 4667 1295 4686 ··-
