2912 5060
349 251 597 346 coronant
618 257 987 348 ronnrrrvun'vm.
1183 270 1249 348 aar

93 454 309 520 vastationem
344 457 552 533 convertunt,
592 449 645 533 qui
675 450 887 514 vastationem
918 447 1101 515 defensione
1130 451 1248 532 pellere

95 544 269 606 debuerant
282 537 331 620 ¹),
357 537 433 600 illud
461 537 591 622 gravius
615 538 815 599 innectentes
840 537 924 618 quod
945 557 1001 619 ea,
1031 555 1112 618 quae
1132 537 1247 599 viden·

95 639 146 691 tur
167 628 328 708 acquirere
353 643 416 684 non
445 623 535 705 regni
562 622 715 702 deputant
744 623 852 683 honori
880 623 933 684 vel
949 621 984 700 ²)
1021 623 1155 704 gloriae,
1188 623 1247 686 sed

96 716 143 776 ita
162 713 282 776 malunt
302 711 333 771 in
355 727 413 770 suo
431 706 502 787 jure
524 707 686 787 confundi,
713 715 749 768 ut
768 707 868 768 veluti
889 729 931 770 ex
950 709 1056 769 debito
1076 708 1247 771 decernant

96 801 179 862 haec
200 800 232 859 in
252 797 417 858 liberorum
437 794 655 874 posteritatem
677 793 861 874 transmitti3
882 811 975 874 quarn
996 795 1102 874 itaque
1119 795 1158 855 ob
1180 812 1246 857 rem

96 887 128 947 in
159 880 358 964 proprietatis
386 879 439 938 illa
469 885 620 939 conantur
646 876 788 959 redigere
816 877 886 939 sinu
903 877 953 960 ³),
989 896 1070 958 quae
1096 897 1151 958 pro
1178 881 1246 941 solo

98 975 227 1032 constat
248 965 318 1026 illos
339 963 490 1042 imperiali
509 963 692 1043 percepisse
714 957 869 1044 fastigio?
901 971 956 1024 aut
976 983 1037 1043 quo
1058 963 1147 1024 libitu
1157 962 1192 1041 4)
1214 966 1247 1027 in

94 1055 175 1138 juris
194 1051 307 1132 proprii
329 1047 483 1110 collocant
504 1055 602 1127 antro,
626 1046 709 1128 quod
728 1047 871 1126 publicae
891 1049 1037 1109 utilitatis
1058 1049 1246 1128 acquisitum

100 1159 176 1202 esse
203 1141 331 1198 constat
356 1127 516 1194 obtentu?
556 1133 641 1194 Nam
666 1131 814 1212 numquid
836 1133 875 1193 ad
896 1133 966 1194 illos
988 1142 1044 1194 aut
1064 1135 1247 1214 populorum

100 1225 258 1288 adventus
279 1227 334 1281 aut
354 1237 455 1280 rerum
475 1224 601 1298 poterat
622 1236 803 1280 concurrere
825 1237 958 1299 census,
985 1219 1045 1280 nisi
1066 1220 1248 1281 extitissent

100 1310 219 1396 gloriae
235 1305 392 1368 sublimati
408 1296 621 1366 culminibus?
643 1311 697 1363 aut
719 1303 757 1363 ab
777 1303 959 1383 aequalibus
978 1304 1020 1364 illi
1042 1305 1247 1384 potuerunt⁵)

98 1413 201 1459 rerum
222 1391 462 1455 coacervatione
483 1387 589 1468 ditari,
617 1389 678 1448 nisi
698 1385 894 1466 subjectist)
915 1389 1051 1471 glorioso
1073 1391 1165 1470 apice
1186 1409 1248 1471 po-

98 1481 236 1542 tuissent
257 1469 384 1539 attolli?
418 1473 531 1534 Omnia
551 1479 638 1535 certe
651 1472 684 1551 a)
705 1474 804 1534 totius
825 1473 926 1554 plebis
946 1477 1082 1536 membra
1103 1475 1248 1555 subjecta

100 1567 174 1627 dum
196 1564 236 1626 ad
254 1561 423 1643 principale
441 1566 538 1638 caput
558 1559 700 1620 relevant
722 1566 876 1619 attentum
894 1559 1019 1620 debitae
1034 1562 1167 1622 visionis
1188 1561 1248 1621 ob-

101 1660 202 1713 tutum
215 1695 225 1730 ,
253 1649 291 1708 ab
319 1647 369 1706 illo
398 1645 593 1728 negotiorum
618 1651 821 1724 prospectant
847 1643 1041 1726 remedium,
1075 1647 1126 1707 cui
1154 1645 1247 1706 modo

101 1743 227 1820 gratum
252 1731 343 1792 modo
364 1731 501 1792 debiturn
530 1731 669 1812 irrogant
690 1747 829 1792 censum.
870 1731 1003 1814 Regalis
1023 1731 1151 1811 proinde
1173 1731 1247 1792 ordo

104 1841 147 1882 ex
160 1821 222 1882 hoc
236 1825 351 1880 cuncta
370 1815 429 1876 sibi
449 1815 556 1878 deberi
576 1815 745 1897 convincit,
766 1833 807 1875 ex
828 1831 889 1896 quo
911 1837 948 1878 se
970 1837 1081 1899 regere
1095 1815 1248 1896 cuneta⁸)

102 1905 285 1990 cognoscit,
314 1909 347 1962 et
374 1901 446 1962 inde
473 1901 649 1982 conquisita
669 1921 732 1961 non
754 1900 861 1981 alteri,
891 1919 984 1984 quarn
1004 1901 1168 1982 sibijuste
1189 1902 1249 1964 de-

103 1989 220 2071 fendit3
246 1985 330 2050 unde
358 2005 420 2047 non
440 2004 610 2070 personae,
636 1986 694 2047 sed
719 1987 879 2066 potentiae
899 2007 977 2049 suae
997 1987 1078 2050 haee
1099 1987 1205 2050 deberi
1214 1987 1249 2066 ⁹)

103 2095 167 2140 non
199 2073 337 2156 ambigit.
379 2071 503 2154 Regem
523 2071 577 2149 ¹⁰)
611 2072 725 2132 etenim
747 2070 818 2152 jura
845 2071 984 2155 faciunt,
1016 2093 1078 2135 non
1103 2091 1249 2156 persona,

101 2163 174 2245 qnia
192 2179 252 2222 nec
266 2165 392 2221 constat
412 2159 462 2218 sui
482 2157 697 2220 mediocritate
718 2157 777 2219 sed
798 2159 996 2221 sublimitatis
1015 2159 1147 2222 honore:
1167 2177 1249 2242 quae

102 2267 179 2330 ergo
207 2241 516 2321 honoridebent11)
543 2243 651 2304 honori
677 2243 871 2326 deserviant,
897 2254 931 2306 et
960 2265 1041 2326 quae
1067 2265 1161 2329 reges
1191 2264 1249 2307 ac-

103 2331 261 2396 cumulant
287 2347 385 2412 regno
412 2329 603 2410 relinquant,
629 2337 666 2390 ut
692 2329 764 2408 quia
790 2347 849 2390 eos
874 2331 973 2412 gloria
999 2333 1088 2412 regni
1110 2332 1249 2414 decorat,

102 2420 165 2500 ipsi
186 2433 310 2499 quoque
332 2413 461 2496 gloriam
481 2413 571 2496 regni
596 2433 658 2475 non
685 2421 872 2494 extenuent,
899 2415 957 2476 sed
978 2425 1136 2477 exornent.
1178 2417 1250 2478 lla-

102 2505 199 2568 beant
227 2502 377 2579 deinceps
404 2497 473 2578 jure
501 2499 617 2562 conditi
643 2517 738 2581 reges
765 2499 795 2559 in
822 2499 961 2582 regendo
988 2500 1083 2562 corda
1103 2502 1249 2584 sollicita,

102 2592 137 2651 irr
158 2585 312 2669 operando
332 2585 419 2646 facta
440 2585 592 2665 modesta,
614 2585 645 2644 in
661 2583 857 2646 decernendo
872 2584 991 2665 judicia
1006 2584 1104 2669 justa,
1125 2587 1156 2647 in
1173 2605 1250 2668 par·

104 2673 205 2740 oendo
232 2680 362 2754 pectora
389 2679 546 2752 prompta,
573 2671 605 2730 in
626 2669 835 2750 conquirendo
856 2671 960 2732 studia
981 2689 1091 2754 parca,
1117 2673 1148 2732 in
1169 2685 1249 2733 con·-

101 2759 257 2825 servando
284 2765 362 2818 vota
388 2755 531 2839 sincera,
557 2763 593 2816 ut
619 2763 707 2816 tanto
734 2755 863 2836 gloriam
891 2758 979 2838 regni
1006 2770 1077 2821 cum
1097 2757 1249 2818 fecilitate

104 2853 278 2924 retentent,
295 2849 421 2924 ‘quanto
443 2839 514 2919 jura
539 2840 699 2922 regiminis
722 2850 754 2900 et
774 2842 1012 2903 mansuetudine
1033 2859 1250 2904 conservave-

101 2935 163 2996 rint
190 2940 222 2992 et
249 2929 408 3009 aequitate
435 2925 602 2986 direxerint
626 2927 800 3008 promissae
830 2928 1000 3006 praemium
1026 2925 1171 2989 dictionis
1184 2928 1249 3006 ¹²).

102 3019 157 3079 Ne
176 3035 238 3077 non
258 3011 410 3094 prodiisse
430 3019 558 3092 putetur
579 3031 621 3072 ex
641 3012 747 3072 fomite
768 3012 910 3096 rationis,
932 3013 1072 3074 revelare
1085 3011 1138 3090 13)
1169 3031 1249 3074 con-

103 3103 192 3162 venit
208 3099 472 3161 evidentissimam
489 3097 628 3178 speeiem
640 3095 694 3175 Ν)
715 3097 828 3178 operis,
849 3107 885 3160 ut
907 3117 948 3160 ex
968 3098 1018 3160 illo
1040 3117 1098 3159 nos
1118 3097 1249 3160 idoneos

104 3193 280 3249 assertores
299 3183 414 3244 habeat
434 3183 573 3263 probitas
592 3182 750 3262 veritatis,
779 3202 820 3243 ex
842 3202 903 3265 quo
925 3203 961 3246 se
982 3182 1102 3265 per¹⁵)
1129 3193 1250 3246 semet·

102 3274 203 3354 ipsam
228 3267 503 3345 reservaverit¹⁰l
532 3267 665 3348 qualitas
695 3268 837 3328 aetionis.
883 3271 971 3330 Ecce
1001 3270 1114 3330 etenim
1142 3270 1186 3331 ita
1208 3289 1249 3331 ex

102 3359 208 3442 gentis
233 3363 360 3417 nostrae
386 3353 594 3415 mediocribus
620 3350 847 3434 majoribusque
872 3355 1015 3436 personis
1034 3355 1149 3417 multos
1169 3355 1251 3417 hac·

101 3454 197 3506 tenus
219 3441 374 3505 corruisse
394 3440 565 3520 reperimus
587 3446 621 3499 et
642 3436 810 3520 deflemus,
831 3445 867 3499 ut
888 3459 995 3502 eorum
1016 3441 1132 3522 agnitis
1153 3441 1250 3502 ruinis

102 3549 165 3590 non
195 3525 278 3588 aliud
306 3525 464 3606 possimus
491 3541 583 3605 quam
612 3521 736 3584 divinae
760 3520 878 3602 judicia
897 3525 1095 3588 considerare
1115 3529 1251 3606 permis-

101 3609 284 3689 sionisv),
313 3623 440 3688 quorum
467 3609 590 3688 quidem
617 3608 774 3670 domorum
795 3609 894 3690 spolia
916 3621 950 3672 et
971 3613 1177 3692 potentiarum
1199 3612 1250 3674 di-

99 3697 196 3759 vitias
217 3693 307 3755 simul
329 3711 368 3754 ac
388 3694 515 3774 praedia
536 3697 580 3757 ita
595 3694 805 3774 conspicimus
822 3714 949 3775 prorsus
965 3697 1132 3777 exinanita,
1155 3697 1249 3775 ειη)

99 3802 161 3845 nee
189 3779 260 3842 fisci
286 3779 396 3839 usibus
423 3779 585 3842 commoda
611 3797 671 3840 nec
697 3779 842 3858 palatinis
868 3781 981 3845 officiis
1006 3783 1197 3864 reperiantur
1216 3783 1248 3844 in

97 3867 268 3932 remedium
294 3864 432 3927 salutare
460 3863 583 3928 collata.
624 3861 724 3943 Cujus
752 3864 796 3926 rei
823 3884 864 3927 ex
891 3876 1023 3950 utroque
1045 3875 1249 3931 concurrente

103 4059 302 4076 ff

132 4161 224 4285 1›laddd
227 4171 315 4300 adddit}
332 4165 369 4286 Μ
379 4165 511 4302 ψιΜὶῑίῦἓῑ)
522 4165 730 4287 idrecmMM.-
741 4163 999 4304 ὓὸῗῖᾝιεὶῖἱηίῖι
1016 4169 1249 4307 tpp‘diddddrdd

166 4321 201 4355 m,
219 4303 257 4355 Μ,
275 4333 311 4342 ..
347 4303 376 4372 a)
394 4321 441 4371 per
460 4305 585 4374 subjectos
603 4305 630 4361 in
651 4320 685 4354 m.
698 4304 736 4354 Μ.
757 4331 793 4342 -
829 4309 857 4373 t)
876 4309 961 4359 cornio
978 4311 1117 4362 tomeaAE.
1132 4313 1165 4364 Τ.
1179 4314 1247 4377 1.2.,

165 4376 251 4424 omnio
267 4380 352 4424 ramea
368 4383 436 4426 certe
453 4373 489 4424 M.
524 4404 560 4413 -
605 4374 633 4441 ⁸)
652 4388 686 4424 ec
703 4388 750 4439 quo
767 4387 795 4424 ee
811 4389 895 4443 repam
912 4375 940 4428 in
958 4391 991 4428 nr.
1007 4377 1045 4429 M.
1080 4409 1116 4418 -
1155 4381 1184 4449 a)
1203 4383 1248 4433 de.

165 4441 278 4493 amm,
313 4473 348 4481 -
390 4441 707 4513 rememorandam
725 4457 759 4492 m.
777 4443 815 4494 Μ.
855 4473 890 4483 -
932 4445 982 4512 11)
1000 4447 1121 4500 debentur
1139 4449 1176 4502 M.
1211 4481 1248 4494 -

110 4509 322 4584 1²)‹lileettom'e
339 4511 373 4562 T.
385 4511 426 4574 2..
449 4515 544 4580 ctM.,
567 4513 601 4564 al.
619 4513 732 4563 ‹litioor'a
772 4541 803 4552 —
844 4513 895 4580 1⁸)
913 4516 1026 4568 relevare
1041 4515 1070 4568 in
1088 4535 1121 4570 nr.
1139 4519 1176 4573 M.
1212 4551 1247 4563 -

110 4581 162 4650 1⁴)
178 4579 365 4631 eatdmttmnm
381 4583 464 4648 specle
480 4581 544 4634 ibid.
577 4603 615 4632 ,⁴-
653 4579 703 4648 ¹⁵·)
720 4595 820 4649 aentper
836 4579 901 4636 ibid.
936 4610 972 4625 ω
1012 4587 1061 4652 ¹⁰)
1079 4587 1162 4642 Forte
1179 4603 1248 4642 resa-

162 4649 261 4702 ravair
281 4649 364 4701 Hard.
410 4681 445 4690 --
496 4653 545 4720 Η)
562 4651 739 4720 promissionis
755 4651 783 4703 in
803 4667 836 4703 m.
853 4653 890 4704 M.
937 4681 977 4694 -
1023 4657 1119 4721 1⁸)or
1140 4659 1177 4711 M.
1212 4689 1248 4700 -
