2912 5060
362 295 605 365 cononum
625 293 895 362 rotmannum
916 293 999 362 Vill.
1193 287 1257 358 281

103 485 326 550 sacrorumque
340 468 479 534 ordinum
492 469 729 550 institutionem,
745 485 827 550 quae
839 465 956 530 tamdiu
969 464 1113 528 valenter
1122 463 1155 544 ι)
1171 463 1257 528 ordi*

104 564 182 618 nata
196 555 376 637 persistunt,
391 573 484 636 quam
499 555 762 617 excellentissime
778 555 983 631 conferuntur,
1000 552 1052 632 qui
1066 559 1099 613 et
1113 559 1200 613 tanto
1216 551 1256 614 ab

106 642 156 702 eis
174 641 369 722 singulariter
386 641 617 722 impenduntur,
639 649 753 721 quanto
778 639 879 700 eidem
896 655 1015 699 summo
1035 637 1162 697 culmini
1180 655 1256 716 per-

106 725 232 808 agenda
247 735 419 788 servantur.
446 725 608 806 Quomodo
624 745 700 807 ergo
715 725 766 806 qui
782 723 865 802 ea2)
881 724 913 783 in
925 741 962 783 se
977 723 1087 801 recipit
1099 739 1118 782 a
1129 739 1166 782 se
1181 720 1256 802 reji-

107 829 180 873 cere
194 813 317 894 poterit,
330 831 401 874 cum
414 813 495 874 haec
511 813 626 873 anullo
640 813 737 872 altero
751 809 881 871 conferri
897 825 989 888 quam
1006 807 1115 868 asolis
1127 807 1257 886 pontifi-

105 897 195 959 cibus
212 898 309 976 novit,
326 917 346 958 a
361 899 473 978 quibus
490 917 551 958 nec
568 897 667 979 ligata
684 895 766 956 solvi
783 913 843 956 nec
859 894 962 954 soluta
976 900 1122 972 poterunt
1139 894 1178 954 ab
1196 893 1258 954 ali-

104 999 168 1061 quo
189 977 340 1064 religari?
370 983 426 1044 Sic
448 985 529 1045 enim
552 981 592 1043 ad
611 983 738 1042 Petrum
759 981 877 1040 veritas
899 977 1004 1056 ait³):
1038 978 1257 1060 Quodcumque

105 1066 260 1148 ligaveris
275 1074 510 1149 superterram,
531 1069 595 1130 erit
615 1065 752 1148 ligatum
770 1071 803 1127 at
825 1067 861 1126 iu
881 1061 976 1138 coelo,
1000 1069 1033 1126 et
1046 1064 1256 1146 quodcumque

106 1151 239 1214 solaerio
259 1161 509 1234 superterram,
536 1155 600 1216 erit
625 1153 761 1212 solutum
790 1155 824 1211 et
851 1147 1004 1210 incaelo.
1046 1150 1256 1230 Nequaquam

107 1255 186 1319 ergo
213 1238 376 1318 aliquando
402 1240 517 1320 poterit
540 1237 710 1318 profanari,
738 1234 821 1316 quod
841 1234 966 1296 divinae
983 1233 1135 1314 jussionis
1144 1235 1179 1312 ⁴)
1208 1235 1257 1296 si-

105 1323 233 1404 mulque
261 1325 455 1403 apostolicae
482 1323 656 1386 traditionis
681 1321 866 1383 auctoritate
890 1337 1015 1382 sacrum
1034 1321 1174 1381 noscitur
1194 1339 1257 1380 ex-

106 1408 227 1490 titisse5
255 1428 364 1470 verum
385 1411 470 1472 sicut
490 1417 635 1472 sanctum
656 1407 792 1468 chrisma
812 1405 959 1469 collatum
979 1414 1013 1466 et
1032 1405 1138 1466 altaris
1158 1406 1257 1467 honor

106 1493 202 1554 evelli
222 1513 285 1554 non
303 1505 431 1576 queunt,
452 1497 498 1558 ita
519 1513 644 1576 quoque
665 1511 822 1554 sacrorum
832 1490 866 1570 ὅ)
883 1490 983 1552 decus
1002 1491 1152 1552 honorum
1173 1489 1256 1572 quod
1364 1521 1367 1525 ·

105 1577 159 1639 his
186 1596 312 1659 compar
338 1581 468 1642 habetur
493 1589 527 1642 et
554 1580 689 1660 socium,
718 1577 855 1658 qualibet
880 1577 972 1638 firerit
991 1577 1160 1638 occasione
1180 1595 1256 1657 per-

109 1671 250 1744 ceptum,
273 1667 409 1728 manebit
431 1666 572 1728 omnibus
592 1662 694 1726 modis
714 1662 939 1726 inconvulsum.
970 1661 1022 1724 Ad
1041 1661 1256 1742 extirpandum
1324 1713 1328 1726 .

107 1767 185 1808 vero
208 1747 357 1812 radicitus
381 1750 472 1830 hujus
493 1749 624 1812 callidae
644 1749 882 1810 machinationis
903 1748 1009 1809 inutile
1031 1755 1255 1830 argumentum,

107 1831 140 1896 id
167 1834 227 1894 sibi
246 1837 465 1906 rationabiliter
484 1837 549 1898 dari
569 1836 712 1897 noverint
732 1836 764 1894 in
785 1832 929 1915 objectu,
957 1832 1039 1914 quod
1060 1834 1257 1895 sacrosancti

105 1918 304 1998 baptismatis
324 1923 556 2002 inappretiabile
577 1921 691 1982 donum
711 1927 744 1980 et
754 1918 788 1997 ⁶)
804 1938 928 1998 semper
950 1927 983 1979 et
1003 1937 1100 1999 saepe
1120 1937 1183 1980 non
1199 1937 1256 1980 so-

106 2002 170 2064 lum
191 2007 366 2068 nolentibus
379 2053 389 2088 ,
419 2027 528 2069 verum
554 2009 649 2068 etiam
662 2052 672 2087 ,
706 2004 788 2084 quod
813 2003 914 2083 majus
941 2012 1013 2084 est,
1043 2005 1256 2066 nescientibus

106 2089 297 2174 impertitur,
320 2092 378 2154 sed
398 2093 460 2156 hoc
482 2113 501 2154 a
522 2093 605 2152 nullo
625 2092 751 2172 penitus
772 2091 924 2170 profanari
944 2090 1137 2169 permittitur.
1164 2088 1256 2167 Quod

107 2175 137 2236 si
158 2184 191 2236 et
211 2177 262 2240 hic
283 2179 446 2257 opponitur
466 2179 600 2241 necdum
619 2176 747 2238 rationis
769 2193 907 2256 capaces
933 2176 1087 2255 existere,
1114 2175 1167 2256 qui
1194 2175 1256 2237 hoc

107 2261 275 2341 probantur
301 2265 461 2346 accipere,
486 2263 606 2334 hinc⁷l
632 2261 805 2323 omnimodo
826 2259 1106 2341 conticescant⁸);
1134 2260 1257 2342 quiesi

107 2343 243 2424 majores
262 2347 387 2426 impune
414 2369 476 2410 non
500 2349 664 2430 deserunt,
696 2346 779 2428 quod
799 2346 919 2426 parvuli
939 2345 991 2406 vel
1013 2345 1183 2406 nesciendo
1203 2347 1257 2407 vel

110 2429 244 2492 nolendo
266 2433 454 2514 percipiunt,
476 2442 592 2513 quanto
612 2434 715 2516 magis
735 2451 797 2493 non
818 2433 967 2494 convenit
986 2431 1096 2492 violari
1107 2430 1151 2511 ⁹),
1173 2429 1257 2513 quod

109 2531 166 2596 pro
186 2517 293 2579 mortis
315 2526 369 2578 aut
389 2538 557 2598 poenarum
571 2517 734 2580 evadenda
749 2518 897 2600 pernicie,
916 2518 1040 2578 occulta
1058 2516 1108 2578 dei
1126 2517 1257 2597 dispen-

109 2601 233 2662 satione
262 2601 456 2684 dignoscitur
482 2599 676 2667 obvenisse‘l
709 2602 874 2666 Recedant
901 2621 977 2684 ergo
999 2603 1105 2662 talium
1128 2602 1258 2665 deside-

107 2685 220 2748 riorum
241 2687 489 2768 impuderatiw)
514 2690 672 2772 fautores,
693 2697 726 2750 et
746 2689 821 2751 licet
841 2688 930 2749 inviti
949 2688 1153 2768 perceperint,
1174 2687 1258 2769 quod

107 2791 171 2834 non
200 2776 397 2836 merebantur
421 2775 563 2856 habere,
584 2775 715 2836 libenter
738 2783 844 2837 tamen
869 2773 909 2834 ob
934 2773 996 2835 hoc
1019 2774 1159 2835 coeleste
1179 2775 1257 2836 reti-

107 2867 204 2920 neant
236 2862 427 2942 praemium,
463 2860 546 2942 quod
577 2860 710 2922 nolendo
731 2870 791 2940 'pro
821 2868 964 2920 terrenae
995 2859 1157 2921 consecuti
1184 2867 1258 2922 sunt

108 2946 313 3006 necessitatis
335 2946 534 3026 errentuss),
556 2954 591 3008 ut
611 2944 805 3025 tandem12)
826 2945 915 3006 inviti
935 2953 1085 3025 appetant
1105 2945 1186 3006 bona
1207 2945 1257 3006 di-

108 3027 226 3110 ligere,
256 3049 337 3110 quae
357 3039 470 3111 sponte
490 3031 634 3093 videntur
655 3031 782 3092 desides
796 3029 850 3109 ¹³)
879 3031 1069 3112 impugnare.
1117 3027 1208 3106 Quod
1229 3031 1258 3094 si

110 3115 181 3194 quis
203 3123 276 3193 post
297 3116 357 3177 hoc
377 3119 521 3196 perennis
542 3117 755 3197 dispositionis
777 3116 912 3178 edictum
934 3135 995 3176 non
1016 3116 1178 3177 sinceriter
1201 3135 1258 3177 sa-

111 3199 174 3260 cris
194 3199 363 3262 inhaeserit
384 3203 529 3282 cultibuS,
552 3211 585 3264 et
606 3201 756 3281 abjiciens
779 3220 797 3262 a
819 3221 855 3262 se
877 3203 1023 3283 gratiam,
1045 3219 1137 3282 quam
1159 3219 1259 3262 acce-

110 3285 176 3366 pit,
204 3286 298 3347 relabi
324 3286 364 3350 ad
392 3286 539 3370 conjugia
563 3305 728 3366 moresque
749 3287 869 3347 saeculi
892 3287 1092 3346 attentaverit
1111 3286 1165 3346 vel
1187 3303 1259 3348 eum

107 3369 209 3435 redire
224 3373 406 3454 constiterit,
422 3393 496 3434 mox
510 3374 592 3434 omni
607 3373 816 3434 ecclesiastici
828 3371 942 3432 ordinis
953 3372 1105 3453 dignitate
1118 3372 1259 3450 privatus

108 3475 186 3516 vere
212 3465 248 3516 ut
279 3467 426 3538 apostata
457 3477 475 3519 a
506 3467 637 3520 sanetae
670 3457 825 3519 ecclesiae
855 3457 1009 3518 liminibus
1040 3466 1074 3518 et
1104 3458 1259 3520 societate

110 3537 246 3600 fidelium
266 3541 418 3603 habeatur
443 3562 570 3622 prorsus
597 3543 762 3623 exclusus,
793 3544 972 3606 monasterii
992 3543 1137 3609 claustris
1158 3543 1259 3608 donee

112 3621 268 3687 advixerit
287 3628 345 3689 sub
367 3630 559 3708 poenitentia
577 3627 790 3691 retrudendus

196 3826 339 3894 Octavae
366 3829 605 3912 disceptationis
633 3745 816 3908 addleldluss)
844 3829 1014 3910 reperimus
1037 3830 1188 3910 quosdam
1209 3829 1261 3894 di-

108 3913 191 3976 vinis
213 3915 325 3980 officiis
345 3919 542 3997 mancipatos
562 3925 652 3978 tanta
679 3913 939 3994 nescientiae1³J
968 3915 1112 3976 socordia
1138 3918 1260 4000 plenoS,

109 4008 147 4062 ut
164 4019 225 4064 nec
251 4003 376 4083 illis10)
403 4005 572 4084 probentur
598 4001 742 4066 instructi
767 4007 981 4082 competenter
1007 3999 1179 4086 ordinibus,
1208 4007 1261 4087 qui

107 4159 309 4178 m

148 4249 176 4314 ι)
194 4251 273 4301 ‘illiti'
289 4253 320 4303 Α·
332 4249 377 4302 AE·
392 4251 447 4305 BR.
464 4255 496 4307 E.
506 4257 531 4310 3.
547 4255 580 4307 U.
593 4255 630 4308 G.
644 4261 697 4305 iam
715 4253 861 4304 divlualr'tcr
876 4250 914 4302 Μ.
936 4277 972 4290 —-
1008 4248 1038 4318 ²)
1060 4267 1120 4319 erpo
1138 4255 1204 4322 quod
1223 4256 1259 4306 Μ,

148 4320 178 4387 8)
195 4319 288 4372 Marah.
308 4321 358 4386 16,
377 4322 420 4374 19.
455 4357 490 4366 -
525 4325 554 4394 6)
572 4327 659 4376 diviua
670 4324 788 4391 jussione
805 4322 849 4374 AE.
868 4322 924 4373 BR.
943 4321 975 4372 E.
987 4317 1013 4372 4.
1032 4318 1066 4373 Τ.
1080 4325 1105 4374 l.
1123 4327 1164 4388 2.,
1182 4331 1209 4376 et
1223 4325 1260 4375 Μ.

149 4391 178 4456 ὅ)
196 4397 341 4443 sauctorum
357 4393 385 4444 in
402 4409 437 4444 m.
454 4395 492 4448 Μ,
532 4422 568 4436 -·
608 4394 637 4461 θ)
656 4401 694 4444 est
711 4395 747 4445 Μ,
782 4421 818 4432 ·-
854 4391 882 4458 l)
900 4389 940 4441 ltt'c
956 4391 994 4441 M·
1034 4419 1069 4430 ·-
1122 4393 1151 4459 ⁸)
1169 4409 1260 4459 capno.

181 4461 299 4514 Wlfflin
317 4477 351 4513 m·
369 4461 406 4514 M·
446 4491 479 4505 ·-
526 4465 555 4534 ⁹)
573 4465 725 4516 violareM.
765 4493 802 4504 --
844 4461 893 4528 ¹⁰)
911 4460 1121 4526 impudorattM.
1156 4491 1192 4501 -

127 4529 416 4597 ”macuculam
432 4535 470 4586 M.
493 4565 529 4575 -
567 4533 719 4600 1²)ramoa
734 4533 771 4586 Μ.
796 4559 831 4570 -
869 4528 1035 4596 1³)ottam
1050 4529 1260 4594 iaaitt..prmm

181 4605 271 4666 moute
287 4603 403 4658 uideatur
420 4605 561 4658 deridentes
575 4601 603 4654 in
621 4619 655 4654 nr.
672 4603 710 4654 M.
751 4632 787 4644 -
830 4598 880 4666 Η)
898 4597 982 4661 affatu
999 4597 1027 4648 in
1044 4611 1079 4646 m.
1095 4594 1133 4646 M.
1173 4623 1209 4636 -

126 4669 176 4738 Η)
194 4671 319 4726 caedente
335 4674 371 4729 Μ.
407 4703 443 4716 -
484 4675 534 4744 ιι)
553 4675 579 4726 a.
596 4670 652 4724 alta
666 4673 704 4726 M,
740 4699 775 4712 ...
