2916 5050
204 245 268 312 ltu
458 241 679 310 contutum
699 242 1041 310 clnculum
1053 239 1104 310 tlt

204 413 338 497 oingtrlis
364 415 551 497 diuumque*
566 414 657 478 annis
684 413 725 478 ad
745 413 940 478 tractandum
960 415 1203 498 conveniamus,
1230 423 1357 482 etcum
1405 487 1410 496 ,

205 498 443 564 convenerimus
463 501 495 562 in
515 518 627 582 unum,
649 509 724 562 tunc
744 499 952 583 divulgabitur
972 509 1104 564 sauctus
1125 500 1265 580 paschae
1286 501 1356 566 dies

162 593 172 618 ⁶
205 605 261 666 per
280 586 405 667 legatos
420 587 472 666 qui
492 585 606 648 brerint
625 583 657 648 in
668 582 701 664 ¹)
722 585 863 648 concilio.
891 587 1070 648 Honoratus
1082 593 1117 648 et
1130 585 1275 650 Urbanus
1286 588 1357 667 epi-

205 671 293 749 scopi
321 669 483 732 dixerunt:
517 671 612 732 Nunc
634 669 681 731 lde
707 671 864 750 praesenti
893 681 988 734 coetu
1017 672 1169 752 petimus,
1197 681 1233 734 ut
1259 673 1357 735 literis

181 825 184 832 ,
205 755 394 834 provinciam
420 763 556 818 nostram
583 753 624 818 de
651 754 714 816 hac
740 754 792 816 die
811 755 973 818 irrlormare
993 756 1168 836 dignemini.
1210 755 1356 820 Aurelius

203 841 374 921 episcopus
394 839 491 902 dixit:
521 841 569 904 ltu
589 837 645 901 fiat
665 857 801 902 necesse
822 850 881 903 est

199 1055 203 1064 .
289 1008 466 1089 Epigcniuo
491 1007 660 1087 episcopus
688 1007 786 1070 dixit:
817 1008 928 1070 Multis
954 1009 1094 1072 conciliis
1119 1008 1182 1072 lroc
1201 1013 1354 1070 statutum

198 1101 259 1155 est
280 1112 300 1156 a
321 1102 414 1156 coetu
435 1093 639 1173 sacerdotali,
660 1100 696 1153 ut
716 1093 826 1172 plebes
847 1111 928 1174 quae
949 1094 980 1154 in
1001 1093 1199 1156 dioecesibus
1221 1094 1260 1156 ab
1282 1094 1354 1172 epi-

167 1211 170 1218 ·
204 1179 313 1258 scopis
334 1179 518 1257 retinentur,
546 1196 628 1258 quae
653 1178 823 1258 episcopus
842 1195 998 1257 nunquam
1017 1177 1205 1257 habuerunt,
1231 1178 1354 1240 nonnisi

198 1281 279 1324 cum
299 1263 461 1328 voluntate
488 1259 557 1341 ejus
584 1261 743 1343 episcopi,
773 1281 793 1324 a
820 1276 882 1344 quo
910 1269 1070 1341 tenentur,
1099 1261 1240 1340 proprios
1265 1262 1354 1324 ucci-

207 1342 293 1427 piant
316 1355 469 1426 rectores,
498 1345 529 1408 id
551 1355 602 1407 est
623 1348 798 1426 episcopos.
838 1347 884 1406 At
904 1365 981 1406 vero
1002 1347 1075 1428 quia
1094 1345 1231 1406 nonnulli
1251 1343 1353 1406 domi-

199 1440 282 1494 natu
298 1429 432 1511 quodam
453 1428 567 1509 adepto
588 1431 833 1492 communionem
854 1429 978 1492 uerum
999 1431 1172 1511 abhorrent,
1192 1429 1246 1491 vel
1266 1437 1352 1491 certo
1446 1482 1453 1494 .

197 1533 278 1584 cum
299 1515 414 1592 elevati
436 1514 557 1595 fuerint,
576 1515 666 1597 quusi
687 1516 718 1576 iu
738 1515 871 1596 quadem
890 1533 964 1578 arce
984 1516 1177 1598 tyrannicam
1191 1515 1233 1576 ibi
1251 1513 1353 1576 domi·-

206 1601 364 1662 nationem
379 1598 414 1677 ²)
445 1599 623 1682 vindicant,
650 1599 734 1680 quod
759 1601 898 1681 plerique
925 1601 1028 1662 stolidi
1041 1599 1076 1678 ⁸)
1102 1600 1255 1662 adversus
1280 1600 1352 1678 epi-

196 1703 324 1764 scopos
344 1703 420 1746 suos
439 1686 582 1752 cervices
603 1685 726 1766 erigunt
745 1684 930 1768 presbyteri,
942 1686 996 1745 vel
1017 1685 1172 1748 conviviis
1191 1684 1252 1746 sibi
1271 1701 1352 1746 cun-

196 1771 349 1834 .cilientes
370 1769 491 1849 plebem
512 1769 565 1830 vel
585 1778 671 1832 certe
691 1789 843 1849 persuasu
863 1770 1014 1852 meligno,
1041 1777 1075 1830 et
1094 1769 1199 1832 illicito
1212 1768 1248 1847 ⁴)
1274 1787 1351 1832 eos·-

208 1855 280 1918 dem
299 1855 399 1916 velint
419 1854 479 1916 sibi
497 1854 651 1936 collucere
670 1863 826 1935 rectores,
846 1854 929 1935 quod
950 1854 1075 1935 quidem
1093 1855 1218 1936 insigne
1237 1849 1350 1916 mentis

208 1949 282 2002 tuae
303 1948 446 2000 tenemus
467 1946 593 2018 votum,
618 1939 712 2000 buter
732 1941 878 2022 religiose
898 1939 1021 2019 Aureli,
1050 1939 1123 2020 quia
1148 1941 1229 2002 haee
1251 1956 1350 2016 saepe

198 2024 393 2104 oppressisti
413 2041 474 2084 uun
500 2022 635 2084 curando
662 2025 743 2086 tales
762 2025 931 2105 petitiones
945 2023 994 2104 ⁵),
1020 2023 1079 2086 sed
1098 2029 1225 2104 propter
1244 2040 1351 2084 eorum

195 2109 308 2170 ,malos
328 2105 487 2189 cogitatus
508 2115 541 2168 et
561 2127 658 2188 prave
678 2112 865 2172 concinnata
883 2110 1017 2172 concilia
1035 2109 1096 2170 boc
1110 2109 1190 2190 dico,
1212 2128 1275 2170 nun
1291 2107 1351 2170 de-

161 2240 163 2246 .
196 2195 454 2256 persecutorem
474 2193 618 2272 accipere
638 2212 708 2256 eam
727 2196 866 2275 plebem,
893 2211 975 2274 quae
999 2195 1031 2254 in
1053 2193 1189 2260 dioecesi
1203 2192 1237 2271 ⁶)
1262 2211 1350 2254 sem·

208 2297 264 2360 per
291 2276 446 2356 subjacuit
472 2294 533 2340 nec
559 2297 693 2360 unquam
719 2281 874 2360 proprium
903 2280 1083 2359 episcopum
1103 2279 1218 2352 hebuit.
1260 2275 1351 2356 Quu-

209 2371 335 2444 pro'pter
362 2363 390 2423 si
417 2362 562 2424 universo
590 2366 788 2427 sanctissimo
815 2365 947 2427 concilio
962 2362 996 2441 7)
1027 2365 1152 2445 placet,
1177 2363 1240 2424 huc
1267 2360 1351 2442 quud

207 2456 394 2529 prosecutus
420 2457 488 2508 'sum
519 2447 722 2512 confirmetur.
776 2449 921 2510 Aurelius
948 2450 1115 2532 episeopus
1142 2447 1238 2509 dixit:
1270 2447 1352 2510 Fra·
1456 2490 1458 2499 »

194 2525 265 2596 tiis
285 2541 320 2594 et
340 2530 573 2596 consacerdotis
583 2531 617 2612 ⁸)
637 2535 734 2596 nostri
754 2535 963 2614 prosecutioni
983 2551 1044 2594 non
1064 2533 1199 2594 obsisto:
1220 2531 1278 2594 sed
1292 2532 1352 2594 hoc

208 2635 259 2680 me
280 2626 314 2680 et
334 2619 450 2680 fecisse
471 2626 503 2680 et
525 2618 676 2681 iacturum
695 2639 769 2680 esse
791 2620 940 2682 confiteor
951 2617 996 2698 ⁹),
1017 2619 1101 2680 circa
1121 2637 1179 2680 eos
1199 2635 1277 2679 sans
1298 2617 1349 2697 qui

208 2705 321 2766 brerint
346 2701 535 2783 concordes,
561 2722 623 2765 non
648 2705 748 2765 solum
770 2704 854 2766 circa
873 2705 1041 2766 ecclesium
1062 2703 1352 2786 Carthaginensem,

208 2789 267 2852 sed
287 2789 370 2851 circe
391 2806 482 2850 omno
503 2787 697 2852 sacerdotale
717 2790 914 2850 consortium.

162 3019 168 3024 ,
295 2954 377 3018 Sunt
410 2956 491 3016 enim
525 2952 663 3036 plerique
695 2957 913 3039 conspirantes
939 2973 1011 3018 eum
1042 2956 1185 3036 plebibus
1212 2951 1351 3034 propriis,

209 3057 289 3120 quas
310 3039 468 3118 decipiunt
493 3050 528 3114 ut
555 3041 757 3124 dictumest,
784 3061 890 3104 earum
909 3043 1090 3122 sculpentes
1110 3057 1220 3120 uires,
1248 3035 1352 3100 blandi

210 3124 258 3186 ad
276 3123 506 3204 seducendum,
539 3126 674 3188 vitiosae
701 3129 788 3189 vitae
815 3128 976 3207 homines,
1003 3127 1057 3188 vel
1083 3135 1170 3190 certe
1195 3122 1292 3184 inflati
1319 3130 1370 3184 et'

209 3211 249 3274 eb
270 3210 331 3272 hoc
352 3210 508 3272 consortio
524 3213 684 3294 separati,
709 3214 762 3293 qui
787 3219 899 3293 putent
923 3212 1065 3291 propriae
1091 3212 1174 3291 plebi
1199 3208 1352 3270 incuban-

209 3295 282 3356 dum
303 3302 336 3355 et
362 3313 577 3374 nunnunquam
602 3299 749 3359 conventi
776 3298 816 3360 ad
845 3297 1009 3360 concilium
1034 3297 1142 3358 venire
1166 3294 1350 3370 detrectent,

209 3397 269 3440 sua
288 3379 366 3440 forte
386 3398 427 3439 ne
447 3380 614 3458 prodentur
633 3381 753 3464 flagitia
770 3389 956 3444 metuentes.
994 3381 1074 3442 Dicu
1095 3382 1123 3442 ai
1144 3380 1249 3459 placet
1269 3377 1352 3438 circa

194 3464 269 3524 bos
280 3462 333 3541 ¹⁰)
353 3483 415 3524 uon
435 3472 554 3526 tantum
568 3465 735 3530 dioeceses
754 3487 815 3529 nun
836 3487 910 3529 esse
930 3465 1112 3546 servandas,
1127 3471 1239 3527 verum
1257 3463 1351 3522 etiam

210 3547 293 3609 etde
306 3549 427 3628 propria
438 3549 586 3631 ecclesia,
599 3568 679 3633 quae
692 3553 752 3614 illis
762 3551 842 3614 mule‘
855 3549 1167 3630 faverit11),omnino
1181 3547 1349 3610 admitten-

166 3680 177 3700 -.
193 3633 281 3696 dum
294 3632 347 3711 ¹²)
368 3642 403 3694 ut
421 3636 515 3697 ctiam
537 3638 721 3699 auctoritate
740 3639 864 3717 publica
883 3634 1075 3715 rejiciantur,
1098 3643 1193 3714 atque
1213 3633 1253 3694 ab
1274 3631 1361 3710 ipsis

208 3719 426 3799 principalibus
437 3721 595 3797 cathedris
603 3731 830 3784 removeantur.
847 3720 979 3801 Oportet
989 3715 1079 3800 enim,
1089 3720 1186 3799 utqui
1197 3715 1352 3778 universis

119 3842 123 3848 ·
207 3804 350 3866 frutribus
370 3823 409 3867 ec
430 3814 496 3867 toto
517 3808 647 3869 concilio
669 3808 855 3888 inhaeserit,
883 3825 945 3866 non
971 3805 1072 3866 solum
1098 3821 1187 3864 suam
1210 3799 1280 3880 jure
1302 3800 1352 3860 in-

208 3899 298 3971 tegro
319 3889 377 3950 sed
399 3888 432 3950 e't
453 3890 618 3954 dioeceses
640 3893 819 3974 possideat3
848 3899 881 3956 at
902 3909 996 3970 vero,
1027 3890 1080 3970 qui
1099 3889 1223 3950 sibimet
1242 3891 1354 3965 putant

207 3975 316 4054 plebes
337 3990 414 4033 suas
433 3973 593 4056 sufficere,
622 3977 756 4040 fraterna
776 3977 941 4040 dilectione
968 3981 1164 4056 contempta,
1191 3988 1253 4033 uec
1280 3978 1353 4032 tan-

202 4128 404 4146 *un-¹—

131 4197 134 4200 ·
194 4165 197 4172 ’
243 4188 278 4253 ι)
289 4171 419 4269 ααῑςιένᾱηι
438 4187 644 4242 Haru.etc.l1.
662 4215 698 4228 -
717 4193 762 4273 ἦ)
781 4206 836 4241 cen
853 4191 987 4272 «imane
1003 4169 1099 4272 seirat
1113 4225 1138 4240 ..
1153 4188 1286 4270 aemma
1297 4184 1354 4268 ‚sur

273 4255 527 4392 titillabit
542 4259 749 4391 militi
765 4257 1354 4395 immedittlidiist?

241 4395 270 4462 θ)
287 4397 314 4447 iu
332 4395 465 4446 dioecesim
477 4391 553 4446 GH.
570 4423 606 4436 -
641 4399 670 4464 l)
688 4400 770 4448 custod
788 4398 818 4451 (2.
833 4397 952 4451 ll.et·ln
971 4398 1158 4464 marellensi.
1175 4423 1210 4436 ··-
1246 4394 1357 4462 ⁸)Fru·
1451 4431 1452 4448 r

275 4471 326 4516 tres
344 4473 367 4516 et
384 4465 574 4528 consocerdulea
596 4465 627 4517 C.
645 4468 679 4520 H.
710 4493 746 4507 -
798 4468 1012 4535 ⁹)protileorc.
1031 4471 1082 4533 tt,
1103 4464 1356 4535 inquitisum.
1429 4477 1433 4488 ·

274 4535 365 4602 incipit
381 4534 486 4586 verbio:
509 4535 724 4589 uternensem
741 4543 785 4587 ete.
810 4567 845 4578 —
878 4537 927 4603 ¹⁰)
942 4537 988 4589 doe
1006 4538 1036 4590 C.
1053 4537 1104 4590 llis
1122 4576 1129 4588 .
1146 4541 1253 4605 praeter
1268 4533 1300 4584 ll.
1318 4560 1354 4570 -

192 4659 195 4668 ,
238 4603 285 4668 ¹¹)
308 4606 387 4672 [imit
406 4605 461 4656 BR.
480 4605 517 4656 Τ..
527 4607 550 4662 Ι.
567 4634 608 4660 -—.
636 4608 684 4672 ¹²)
702 4608 843 4660 omnimodo
861 4607 1021 4658 cdoiteudura
1039 4607 1070 4659 C.
1116 4606 1166 4674 iop-
1201 4631 1235 4644 -
