2916 5050
365 217 503 293 contr
522 213 742 294 noormnu
763 209 1026 300 ostiolum
1192 227 1257 307 tot
1375 327 1380 334 p

99 409 234 472 sanetus
255 408 290 464 et
311 398 420 482 jmtus
440 407 514 464 edm
533 400 565 462 in
587 387 730 464 oratione
738 390 774 480 ¹'J
796 389 953 483 pluraliter
971 358 1107 467 diecret:
1139 395 1257 471 Pereo·

101 495 229 572 virute,
246 488 457 568 iniquitatem
471 486 678 571 septnw),
704 495 738 550 et
758 495 865 550 cetera
886 509 969 570 quas
987 491 1204 555 ibi'veraoiter
1223 497 1258 556 et
1320 561 1322 566 A
1445 455 1446 490 ἶ

101 577 256 643 humiliter
277 571 465 636 confitetur:
489 589 531 633 ne
545 580 728 656 putaretur,
757 573 1016 654 quemadmodum
1035 575 1160 654 qnidam
1178 593 1259 640 sen-
1369 629 1380 641 ,

103 667 200 742 tiunt,
228 661 293 723 hoo
312 675 375 719 non
397 656 437 718 de
458 657 541 738 suis,
568 658 627 720 sed
648 658 689 720 de
709 659 814 738 populi
836 661 885 720 sui
911 663 1015 737 potius
1037 659 1156 723 dixisse
1176 680 1258 744 pera¹¹

104 749 204 827 cais,
233 751 349 826 postea
360 741 395 822 ³)
418 742 515 804 dixit:
551 742 626 804 Cum
648 757 770 804 orarent
791 751 826 805 at
846 746 1015 825 confiterer*
1026 754 1167 826 peccato
1185 763 1257 812 moa

104 843 138 900 ot
157 837 300 916 patrata
315 826 431 912 populi
452 829 517 889 mei
537 827 664 912 dorretev
685 829 744 890 deo
765 848 834 890 meo
840 849 854 908 ,·
880 830 980 892 noluit
1000 829 1104 912 ditare
1122 841 1259 914 poetata

103 928 229 998 nostra,
260 913 319 977 sed
346 921 482 994 peccata
509 912 615 993 populi
642 914 692 979 sui
718 913 797 978 dixit
818 923 852 976 et
872 933 950 996 sua,
974 916 1117 996 quoniam
1138 919 1258 982 futuros

103 1008 202 1086 istos,
229 1001 282 1084 qui
303 992 367 1062 tam
387 1001 469 1060 male
490 999 715 1082 intelligerent,
744 1009 901 1081 tamquam
921 1001 1073 1082 propheta
1094 1005 1270 1088 praevidit.=

152 1127 269 1196 OXVJ.
307 1125 399 1206 Quod
417 1115 576 1190 numitor
595 1146 617 1188 a
638 1128 761 1188 sanetis
781 1127 936 1191 dicotur.-
964 1127 1105 1192 Dtartm
1125 1131 1216 1195 nota

555 1211 666 1274 debito
691 1218 813 1274 nostra.

189 1317 269 1378 item
294 1314 430 1396 placuit,
467 1322 502 1376 ut
522 1312 704 1396 quinquel)
717 1315 801 1395 ·ipsa
821 1314 919 1375 verta
940 1313 1114 1377 dominicae
1141 1318 1259 1380 oratio-

105 1404 172 1484 nis,
207 1401 261 1462 uhi
294 1401 448 1463 dioimus:
487 1398 628 1462 Dimitte
654 1399 746 1460 nodis
774 1399 884 1461 dedita
914 1406 1042 1482 nostro,
1078 1401 1123 1462 ita
1149 1401 1259 1466 volunt

107 1506 128 1552 a
148 1487 268 1550 sanetis
289 1485 360 1566 diei,
381 1493 417 1548 ut
437 1485 591 1546 humiliter
611 1503 673 1560 non
685 1486 840 1548 veraciter
860 1485 921 1546 hoo
942 1485 1070 1566 ditatur,
1092 1486 1263 1552 arrathema

108 1575 162 1636 sit.
199 1570 283 1648 Quis
303 1566 386 1634 enim
411 1570 508 1634 terat
523 1577 662 1631 orantem
689 1577 723 1631 et
742 1589 804 1630 non
825 1569 999 1632 hominibus
1022 1571 1080 1634 sad
1107 1573 1176 1652 ipso
1198 1574 1260 1636 do-

109 1659 194 1721 mino
215 1657 432 1735 mentientem,
454 1654 505 1736 qui
527 1656 618 1716 labiis
639 1653 743 1734 sibi-⁵)
764 1655 839 1717 dioit
860 1655 971 1718 dimitti
989 1655 1089 1738 velle,
1111 1667 1145 1720 et
1164 1659 1260 1722 eorde

110 1744 202 1825 didit,
226 1759 308 1825 quaa
330 1743 389 1804 sibi
410 1741 616 1822 dimittantur,
638 1739 790 1818 debiat)
811 1751 872 1802 non
893 1741 1019 1803 habere.
1126 1733 1131 1748 ’

157 1881 163 1888 ’
263 1861 395 1932 CXVII.
437 1867 490 1930 De
509 1867 656 1958 pledidao
682 1870 841 1959 conterno
868 1890 889 1932 a
914 1855 1110 1936 Donatistis.

192 1973 271 2034 item
284 1970 419 2058 placuit,
431 1971 574 2053 quoniam
592 1969 717 2052 quidem
732 1980 805 2032 ante
819 1973 936 2053 aliquot
954 1991 1054 2036 annos
1073 1965 1104 2034 in
1121 1954 1260 2038 ecelesia
1309 2016 1315 2026 x
1378 2001 1380 2007 ⁸

109 2057 251 2142 plenario
262 2051 439 2132 nonno-t)
460 2055 662 2116 eonstitutrrnl
683 2063 744 2138 est,
765 2066 803 2118 ut
820 2069 1036 2140 quaeouque
1056 2059 1212 2122 eeclesiae
1227 2061 1260 2122 in

110 2145 250 2208 dioecesi
259 2139 449 2204 constitutae
460 2149 533 2202 ante
543 2139 635 2227 leges
645 2133 867 2206 deDonatistis
878 2144 962 2206 latas
972 2144 1145 2206 oatholroae
1156 2144 1261 2212 factae

110 2238 193 2312 sunt,
206 2229 247 2292 ad
258 2246 314 2289 eas
326 2225 495 2290 cathedras
505 2229 681 2306 pertineant
691 2245 747 2308 per
756 2245 884 2309 quarum
894 2231 1063 2310 episcopos
1073 2229 1188 2294 laetum
1200 2237 1260 2312 est,

108 2325 145 2380 ut
156 2314 328 2378 ottholioae
340 2313 451 2377 unitati
464 2314 738 2394 eommunioarent3
746 2323 820 2393 post
831 2314 922 2397 leges
936 2323 1262 2398 outemquaeournque

110 2397 423 2480 communicaverint,
445 2398 519 2460 illuo
539 2399 723 2478 pertineant,
745 2417 807 2479 quo
827 2401 1037 2481 pertinebant,
1059 2419 1129 2463 oum
1151 2403 1262 2464 essent

112 2489 145 2549 in
166 2493 256 2566 parte
274 2483 398 2545 Donati.
439 2482 507 2544 Sed
537 2483 610 2563 quia
637 2485 764 2543 multae*
781 2487 1013 2546 controversiae
1041 2495 1155 2566 postea
1181 2488 1262 2548 inter

112 2573 281 2654 episcopos
301 2567 341 2630 de
362 2567 561 2632 dioecesibus
590 2575 677 2628 ortae
705 2571 779 2630 suut
805 2577 839 2630 et
865 2569 1019 2650 oriuntur,
1047 2571 1158 2652 quihus
1184 2577 1263 2633 tund

111 2658 214 2721 minus
234 2653 356 2716 uidetur
376 2671 451 2714 esse
471 2661 691 2734 prospectum:
720 2671 803 2715 nuno
823 2655 886 2715 isto
905 2655 1037 2716 oonoilio
1057 2663 1169 2721 saneto
1189 2657 1264 2738 pla·

112 2745 199 2824 ouit,
225 2748 260 2802 ut
285 2739 471 2818 ubicumque
499 2739 654 2800 catholiea
682 2739 739 2798 luit
766 2747 800 2799 at
820 2757 894 2820 pars
919 2740 1054 2821 Donati,
1084 2743 1118 2802 et
1144 2739 1185 2804 ad
1209 2741 1262 2804 ola

111 2843 225 2892 versas
250 2823 418 2887 cathedras
444 2825 655 2904 pertinebant,
683 2838 880 2906 quocumque
908 2834 1049 2906 tempore
1074 2826 1137 2889 illio
1157 2829 1266 2890 unitos
1388 2833 1391 2840 “

112 2912 198 2978 iaota
219 2919 270 2972 est
289 2909 343 2970 vel
365 2908 454 2970 taeta.
470 2909 579 2990 fuerit,
610 2911 683 2990 siva
702 2917 776 2971 ante
796 2910 889 2994 leges
914 2911 984 2973 sive
1002 2919 1077 2992 post
1097 2912 1198 2992 leges,
1220 2910 1264 2974 ad
1286 2918 1305 2926 ”

111 3017 197 3078 eam,
210 2992 390 3076 cathedram
415 2993 588 3073 peniteant
600 3039 611 3076 ,
644 2993 684 3058 ad
710 3008 804 3078 quam
831 2993 990 3060 oatholioa
1016 3013 1098 3080 quaa
1127 2996 1194 3078 jam
1220 2993 1265 3060 ibi

111 3087 214 3149 tuerat
239 3077 422 3162 panthema
1093 3115 1095 3118 ,
1260 3105 1263 3115 ,

116 3204 269 3275 CXVIII.
296 3203 349 3268 Do
362 3203 568 3287 dioecesibus,
588 3203 726 3288 qualitor
741 3225 796 3268 aaa
810 3204 960 3270 dividant
975 3201 1109 3270 &tara
1122 3197 1265 3292 emm,-
1338 3169 1339 3175 ,

176 3304 246 3358 ‘am
268 3288 420 3356 ffliiwlivt'
441 3311 534 3374 quam
557 3291 617 3374 qui,
632 3311 672 3354 aa
693 3289 820 3354 Donati
832 3299 932 3374 parto
953 3294 1096 3354 oenomai
1114 3299 1200 3359 aunt.
1259 3364 1263 3376 Ι

201 3397 250 3456 lta
271 3412 359 3474 sane,
380 3401 415 3454 ut
437 3394 465 3454 si
487 3395 656 3474 episcopus
678 3412 719 3453 ex
732 3393 905 3456 Donatistis
923 3393 963 3456 ad
985 3384 1170 3456 catholioam
1190 3392 1263 3456 turi·

110 3488 209 3542 tatem
237 3490 411 3542 conversus
439 3487 504 3558 est,
532 3479 703 3559 aequaliter
729 3473 811 3540 inter
837 3493 874 3542 se
902 3475 1043 3542 dividant
1073 3477 1147 3561 eas,
1180 3491 1263 3562 quaa
1358 3503 1361 3506 ’

111 3568 162 3628 sio
183 3565 296 3628 inerint
316 3565 479 3646 inventae,
497 3565 550 3626 uti
571 3565 681 3626 amhae
701 3573 808 3642 partes
828 3564 968 3650 lherunt3
998 3565 1030 3626 id
1052 3574 1119 3647 est,
1145 3568 1180 3627 ut
1202 3566 1263 3628 alia

110 3651 183 3714 iota
203 3649 244 3712 ad
264 3649 366 3729 illum,
393 3649 457 3710 alia
474 3647 515 3710 ad
534 3650 618 3710 illum
639 3651 830 3732 pertineant3
857 3650 901 3712 ita
920 3658 956 3712 ut
977 3650 1028 3712 illo
1049 3649 1182 3734 dividat,
1209 3643 1265 3732 qui

111 3735 245 3816 amplius
264 3735 412 3814 temporis
437 3735 469 3796 in
491 3732 675 3815 episcopatu
696 3735 807 3815 hahet,
839 3741 872 3795 et
897 3736 996 3795 minor
1022 3735 1128 3818 eligat
1169 3727 1265 3812 Quod

112 3823 141 3882 si
162 3822 241 3883 forte
262 3837 345 3882 unus
364 3820 457 3881 luerit
477 3817 581 3902 loons,
602 3819 643 3881 ad
665 3831 735 3880 eum
756 3818 930 3901 pertineat,
948 3819 1000 3882 eui
1018 3820 1151 3882 vioinior
1169 3821 1265 3882 inrei
1388 3875 1391 3890 ,

11 3909 12 3924 ’
111 3907 201 3968 nitur.
244 3903 336 3983 Quod
364 3905 392 3967 si
420 3905 571 3966 ambabus
597 3903 756 3968 cathedris
782 3905 953 3985 aequaliter
978 3904 1104 3968 aloinus
1127 3910 1193 3987 est,
1222 3903 1266 3968 ad

111 4009 190 4052 oum
203 3991 372 4071 portineat,-
394 4004 488 4072 quem
509 3990 599 4071 plebs
620 3990 760 4072 elegerit.
803 3987 895 4068 Quod
916 3989 945 4052 si
965 3989 1044 4052 forte
1065 3991 1184 4074 antiqui
1203 4006 1264 4054 oa·

109 4077 217 4138 tholioi
242 4087 334 4137 suatur
364 4076 547 4156 episcopum
573 4078 743 4155 voluerint,
772 4082 807 4136 ot
831 4073 874 4137 illl
898 4092 991 4138 suum
1011 4076 1065 4156 qui
1086 4095 1128 4138 ex
1147 4077 1268 4140 Donati

107 4169 198 4244 parte
218 4159 365 4224 conversi
384 4169 481 4242 sunt,
501 4163 697 4241 plurimorum
716 4160 864 4224 voluntas
884 4161 1082 4242 pautioribus
1102 4163 1263 4244 praefera-

108 4257 174 4324 tur,
195 4246 245 4310 siu
265 4255 372 4320 autem
386 4254 495 4328 partes
514 4248 664 4330 aequales
689 4253 772 4328 sunt,
794 4245 1091 4329 majoristemporis
1111 4249 1262 4334 episeopo

143 4461 173 4529 1)
189 4463 293 4518 Desunt
309 4423 468 4518 rotha-tto
485 4445 619 4528 oratione,
642 4461 670 4516 in
689 4457 755 4518 eoo.
772 4464 805 4518 A.
840 4492 875 4508 -
914 4461 1194 4533 ⁴²)Dan.9,6·²d.
1226 4492 1262 4506 ···

142 4534 175 4598 ³)
189 4541 357 4602 posteaquam
382 4536 413 4588 C.
431 4534 511 4606 Hiop.
544 4559 594 4594 -,
623 4531 655 4598 ⁴)
671 4535 818 4602 noteturque
834 4537 867 4588 0.
883 4534 958 4604 Hispa
976 4543 1007 4591 at
1021 4537 1049 4596 it
1067 4543 1150 4602 marg.
1167 4534 1279 4588 Manti.'

141 4601 338 4666 ‘Jlobtr'asuto
361 4606 394 4656 Τ,
415 4607 438 4656 l,
456 4607 482 4657 2,
517 4633 552 4644 -
588 4600 617 4666 ⁶)
635 4601 764 4654 eruetur
783 4603 907 4690 Callisp.
942 4633 978 4652 ,-
1015 4604 1044 4670 ⁷)
1062 4603 1260 4669 violaceam&
