2922 5048
588 151 599 180 Ι

418 268 651 335 ooucnruu
672 267 929 364 saenrcnusu.
1077 365 1080 378 Ι
1188 237 1262 342 ιιι

104 461 190 510 uun:
217 441 313 524 quod·
330 442 376 505 ita
402 439 526 506 demum
546 441 693 522 compleri
713 441 882 526 poterit¹),
908 444 938 506 si
958 445 1176 530 'unusquisqne
1200 465 1261 526 no·

108 537 224 610 strum,
259 529 313 610 qui
342 527 374 590 in
404 529 505 590 canali
520 527 555 607 ²)
588 529 779 592 constitutus
806 537 873 611 est,
912 547 983 593 curn
1012 527 1260 614 progredientem

109 615 293 694 episcopum
313 612 442 694 viderit,
464 614 597 694 inquirat
619 614 782 674 transitum
804 613 888 695 ejus,
910 633 1026 678 causas
1046 617 1170 700 videat,
1198 637 1260 700 quo
1354 655 1356 660 ·

109 699 218 761 tendat
233 699 267 779 ³)
289 706 460 782 agnoscat,
481 707 515 759 et
534 698 563 760 si
584 697 708 779 quidem
733 717 805 760 eum
825 700 984 772 invenerit
998 701 1043 762 ire
1063 703 1104 764 od
1125 706 1259 766 comita-

107 793 187 866 tum,
222 786 359 864 requirat
385 792 419 844 et
444 782 538 864 iilud,
566 780 650 864 quod
676 783 819 862 superius
840 786 1097 864 comprehensum
1123 796 1188 870 est,
1217 807 1258 852 ne

106 869 186 932 forte
196 867 231 948 4)
253 871 403 930 invitatus
422 869 479 948 sit,
501 876 542 928 ut.
559 869 589 928 ei
607 864 746 949 facultas
760 867 853 929 eundi
874 872 1077 950 permittatur.
1116 873 1153 934 Si
1171 893 1258 956 vero,

106 963 140 1017 ut
171 956 316 1034 superius
344 952 528 1016 memoravit
554 953 708 1015 sanctitas
731 962 855 1036 vestra,
871 965 1014 1036 fpropter
1044 957 1199 1044 desideria
1225 968 1258 1022 et

105 1040 293 1102 ambitiones
314 1039 357 1102 ad
377 1040 558 1101 comitatum
578 1045 710 1120 pergat,
731 1057 834 1120 neque
856 1041 887 1100 in
900 1041 1006 1104 'literis
1027 1041 1095 1122 ejus
1116 1044 1258 1106 subscri-

106 1127 212 1208 batur,
244 1144 347 1206 neque
380 1125 412 1186 in
445 1125 690 1206 communionem
722 1125 901 1210 recipiatur.
955 1127 1004 1208 Si·
1017 1129 1109 1190 vobis
1142 1129 1257 1211 placet,

105 1212 240 1272 omnium
269 1211 426 1273 sententie
454 1208 626 1288 confirmari
647 1209 750 1272 debet.
802 1209 948 1273 Universi
969 1211 1129 1295 dixemnt,
1155 1214 1257 1277 hone-

104 1306 188 1360 stum
210 1315 284 1358 esse
305 1303 339 1378 ct
359 1296 484 1376 placere
507 1295 567 1357 sibi
587 1294 670 1364 hanc
691 1295 953 1359 constitutionem.

148 1562 153 1573 ..
189 1512 287 1576 Osius
307 1513 478 1593 episcopus
499 1511 593 1575 dixit:
615 1513 682 1576 Sed
704 1522 737 1574 et
757 1513 926 1574 moderatio
941 1514 975 1592 ⁵)
995 1517 1175 1578 necessaria
1196 1527 1256 1598 est,

105 1599 299 1667 dilectissimi
326 1599 454 1679 fratreS‚
484 1616 524 1657 ne
547 1595 649 1659 adhuc
670 1598 764 1678 aliqui
784 1599 980 1680 nescientes,
1003 1599 1076 1679 quid
1097 1599 1257 1663 decretum

105 1687 150 1746 sit
170 1686 201 1746 in
221 1683 362 1766 synodo,
391 1683 495 1744 subito
516 1676 646 1744 veniant
666 1681 707 1744 ad
729 1681 876 1744 civitates
897 1700 974 1764 eas,
994 1702 1075 1764 quae
1102 1687 1134 1746 in
1155 1687 1256 1748 canali

104 1779 187 1832 sunt.
236 1769 341 1842 Debet
363 1787 439 1850 ergo
468 1767 637 1848 episcopus
657 1767 798 1828 civitat1s
825 1767 923 1848 ipsius
944 1767 1109 1849 admonere
1131 1789 1201 1832 eum
1223 1781 1257 1834 et
1305 1839 1313 1853 ,

102 1845 271 1934 instruere,=
300 1862 336 1916 ut
353 1852 387 1931 ⁶)
417 1871 458 1914 ex
487 1871 526 1914 eo
548 1853 619 1914 loco
640 1851 804 1926 diaconum
825 1871 916 1914 suum
936 1855 1052 1936 mittat3
1081 1850 1256 1918 admonitus

103 1939 173 2022 ipse
192 1948 299 2003 tamen
319 1938 428 2005 redeat
448 1939 480 1999 in
500 1937 678 2018 paroeciam
698 1956 813 2014 suam.)
945 1965 947 1970 v

189 2157 287 2221 Osins
309 2157 478 2239 episcopus
499 2155 591 2220 dixit:
612 2157 655 2220 ut
676 2158 739 2221 hoc
758 2156 971 2219 necessarium
991 2157 1128 2240 arbitror,
1149 2165 1184 2220 ut
1205 2156 1256 2220 di-

104 2245 310 2327 ligentissime
331 2244 484 2326 tractetis,
505 2244 535 2305 si
556 2244 636 2306 forte
658 2251 712 2305 eut
732 2240 825 2304 dives
845 2251 900 2305 aut
914 2243 1124 2306 scholasticus
1136 2241 1176 2305 de
1188 2241 1257 2305 foro

104 2338 161 2390 aut
187 2349 230 2390 ex
256 2329 503 2402 administratore
517 2325 552 2408 7)
581 2329 751 2409 episcopus
782 2327 874 2390 fuerit
899 2329 1093 2410 postulatus,
1127 2335 1164 2391 ut
1190 2345 1254 2390 nou

104 2415 191 2496 prius
213 2413 384 2496 ordinetur,
410 2415 472 2476 nisi
493 2421 567 2479 ante
582 2413 616 2492 ⁸)
638 2421 678 2476 et.
692 2413 819 2478 lectoris
838 2429 967 2476 munere
994 2421 1028 2478 et
1053 2413 1156 2496 officio
1183 2412 1254 2476 dio·
1325 2409 1326 2414 ’

21 2487 23 2512 '
105 2498 179 2559 coni
200 2506 255 2559 aut
276 2499 448 2580 presbyteri
469 2499 561 2563 fuerit
579 2499 778 2580 perfunctus,
808 2507 842 2559 et
869 2501 913 2560 ita
939 2517 995 2580 per
1015 2499 1158 2582 singulos
1178 2515 1254 2580 gra·

21 2651 22 2656 η
104 2582 175 2664 dus,
197 2583 227 2644 si
243 2581 362 2665 dignus
377 2583 476 2664 fuerit,
495 2583 649 2649 ascendat
661 2583 696 2663 ⁰)
714 2582 754 2645 ad
766 2583 889 2645 culinen
904 2585 1113 2664 episcopatus.
1140 2583 1254 2645 Potest

21 2663 22 2670 '
104 2669 188 2730 enim
218 2667 363 2749 perhas
378 2669 601 2752 promotiones,
629 2687 709 2752 quae
730 2667 887 2730 habebant
902 2665 956 2746 ¹⁰)
974 2669 1082 2750 utique
1102 2667 1252 2748 prolixum
1337 2667 1339 2671 ’
1416 2723 1421 2734 ι

103 2763 246 2834 tempus,
266 2754 388 2832 probari
408 2769 471 2835 qua
490 2753 553 2818 fide
574 2756 632 2836 sit,
653 2751 827 2836 quave11)
848 2751 1018 2834 modestia,
1040 2753 1197 2835 gravitate
1220 2761 1253 2814 et
1400 2755 1403 2762 ‘

104 2836 302 2902 verecundia.
356 2837 400 2900 Et
426 2838 455 2900 si
483 2838 598 2922 dignus
628 2840 720 2904 fuerit
745 2839 913 2920 probatus,
945 2837 1049 2900 divino
1076 2836 1253 2901 sacerdotio
1282 2909 1285 2914 .

105 2925 283 3006 illustretur,
306 2923 379 3005 quia
400 2926 598 3007 conveniens
611 2943 672 2987 non
693 2932 826 2988 estnec
846 2927 923 2987 ratio
945 2924 998 2986 vel
1011 2923 1172 3004 disciplina
1192 2941 1252 3003 pe-

106 3011 198 3092 titur,
218 3017 256 3070 ut
276 3017 395 3070 temere
417 3015 458 3069 et*
472 3008 586 3072 leviter
603 3011 761 3074 ordinetur
780 3017 836 3072 ant
856 3011 1024 3092 episcopus
1044 3018 1098 3072 aut
1119 3009 1252 3090 presby-

105 3105 154 3157 ter
173 3103 232 3158 aut·
249 3093 417 3175 diaconus,
447 3093 499 3174 qui
520 3093 699 3179 neophytus
720 3103 772 3158 est
786 3093 856 3177 Ψ),
884 3095 1018 3158 maxime
1038 3111 1109 3156 oum
1130 3102 1164 3156 et
1182 3108 1253 3156 ma-

105 3181 205 3263 gister
226 3181 368 3262 gentium
388 3178 500 3241 beatus
520 3183 699 3262 apostolus,
721 3198 762 3243 ne
782 3179 844 3242 hnc
864 3177 967 3261 fieret,
990 3179 1199 3242 denunciassc
1219 3186 1253 3240 et

104 3267 300 3345 proinbuisse
320 3259 492 3346 videatu131
507 3265 567 3328 sed
587 3266 635 3349 hi,
657 3281 786 3348 quorum
805 3266 1007 3348 perlongum
1026 3273 1150 3344 tempus
1172 3281 1253 3326 exa-

104 3352 220 3413 minata
246 3350 288 3411 sit
309 3350 392 3430 vita,
421 3358 455 3412 et
475 3351 585 3414 merita
605 3347 718 3416 fuerint
739 3349 946 3430 comprobata
992 3349 1137 3414 Universr
1159 3347 1252 3412 dixe·

94 3445 183 3518 runt,
203 3435 329 3517 placere
349 3435 408 3498 sibi
429 3435 510 3499 baec
527 3435 589 3516 18).
634 3459 637 3463 ·
1317 3429 1321 3451 ²

21 3649 22 3704 d
140 3687 167 3752 Ι)
192 3687 247 3735 iioc
263 3693 348 3736 uotam
364 3686 427 3738 sciri
452 3695 476 3740 et
494 3687 630 3755 consperto-i
647 3689 742 3756 poterit
765 3686 826 3741 isid.
867 3717 901 3728 -
944 3688 974 3753 ²)
999 3685 1057 3738 Vim
1078 3682 1156 3751 hnjos
1179 3684 1250 3739 vocis
1279 3719 1282 3729 ι

171 3754 292 3820 ignotam
311 3755 394 3808 fuisse
412 3761 501 3810 multis
515 3764 645 3823 veterum,
659 3759 739 3810 iidem
757 3757 821 3810 iacit
843 3756 909 3808 haec
925 3755 1107 3820 interrogatio,
1125 3762 1251 3823 quaeest

172 3825 201 3876 iu
225 3829 328 3882 vetusta
350 3825 513 3882 Collectionc
531 3827 668 3879 Cenonurn
691 3825 868 3880 Bibliothecae
885 3824 998 3889 Regiae:
1026 3827 1096 3876 Illrtd
1112 3825 1190 3881 ettam
1206 3825 1250 3876 ‹u-

171 3909 275 3946 nescere
290 3895 415 3961 desidero,
433 3898 544 3965 quantita·
560 3897 830 3965 illud-'iutelliyeodnnr
845 3896 881 3946 sir
898 3895 963 3962 quood
980 3897 1007 3947 in
1023 3895 1171 3946 Sardiceosi
1183 3895 1250 3947 Cori·
1305 3941 1309 3948 .

171 3965 232 4015 citio
248 3981 304 4030 erar.
317 3967 365 4016 XI.
382 3967 484 4033 decitur,
501 3973 530 4018 ut
547 3967 590 4034 noi
606 3967 634 4018 io
651 3967 736 4017 coculi
752 3965 884 4016 constituti
900 3971 959 4016 sorrt
973 3966 1095 4033 ‘epismpt
1114 3965 1196 4018 Hand.
1214 3993 1251 4006 -·

139 4033 168 4101 ³)
187 4035 268 4086 tendit
281 4035 342 4086 isid.
359 4065 401 4076 --Ἰ
429 4037 459 4104 4)
477 4037 600 4089 Hocest:
616 4039 760 4102 aonrfcrte.
772 4036 855 4088 Herd.
865 4063 901 4074 -
917 4036 969 4086 uer
979 4035 1007 4088 in
1020 4051 1101 4102 marg.
1108 4035 1250 4088 Marsi.-

174 4101 205 4156 C.
216 4104 292 4172 Hisp.
305 4111 408 4172 praeter
416 4105 447 4158 U.
474 4120 506 4158 ne
514 4109 583 4173 sorte
592 4107 715 4158 bonitates
726 4114 771 4158 eet.
789 4134 820 4146 -
855 4105 884 4172 ὅ)
901 4108 1051 4159 orenrorutic
1064 4105 1248 4158 CodLua-

138 4174 167 4241 θ)
191 4181 215 4224 et
233 4173 381 4228 eouanc.
408 4199 443 4211 -
479 4177 507 4244 i)
526 4177 749 4228 adnrinietrntiooe
765 4175 793 4228 ia
811 4190 893 4240 marg.
902 4176 989 4228 Mausi
1007 4183 1035 4228 et
1050 4175 1078 4227 in
1095 4180 1170 4228 textu
1181 4177 1248 4228 Just.

172 4245 347 4296 ariamirotcre
370 4244 436 4298 Cod.
458 4247 523 4298 Luc.
563 4274 599 4286 »—
638 4249 667 4315 ὓ)
690 4254 749 4296 urite
769 4245 852 4297 omitt·
874 4261 891 4296 a
907 4245 973 4298 Just.
1013 4256 1067 4284 -'
1092 4245 1122 4312 θ)
1146 4245 1248 4296 accedat

173 4313 240 4365 eod.
257 4314 323 4368 Luc.
350 4342 385 4353 -—
417 4316 466 4384 10)
483 4315 685 4369 hobeburrtdust.
720 4315 811 4367 babent
829 4314 889 4369 isid.
919 4345 953 4354 -·
983 4316 1031 4382 11)
1049 4315 1098 4381 quo
1115 4315 1248 4376 erodentia,
1324 4331 1326 4336 ’

171 4399 222 4450 quo
237 4399 309 4449 yrun.
327 4391 352 4435 et
368 4399 447 4435 aereo.
466 4385 531 4440 Just.
572 4413 614 4441 -,
647 4387 697 4453 1²)
713 4387 757 4454 qui
772 4385 910 4452 concitatos
927 4392 965 4436 cst
983 4385 1065 4438 omitt.
1084 4384 1177 4436 aIsid.
1213 4410 1247 4420 --

136 4454 186 4520 ¹³)
207 4454 324 4505 Uniocrei
342 4457 388 4504 etc
406 4453 500 4506 desunt
516 4455 544 4510 in
563 4455 629 4508 Cod.
643 4456 707 4508 Luc.
726 4462 752 4508 et
768 4454 795 4506 in
817 4453 858 4506 ed.
870 4453 934 4506 Just.
954 4483 987 4492 —
1007 4455 1038 4510 ci.
1056 4455 1181 4506 Neander
1194 4455 1209 4504 Ι.
1225 4470 1246 4503 c.
1273 4459 1278 4465 '
1296 4515 1298 4520 ,

172 4525 223 4576 roi.
236 4523 268 4585 ΙΙ,
285 4541 309 4591 p.
321 4522 382 4574 214.
419 4522 572 4578 Rheinrraid
587 4528 604 4577 Ι.
622 4539 643 4575 c.
662 4528 691 4592 p.'
702 4527 744 4578 33.
767 4529 819 4576 not.
832 4523 856 4574 9.
893 4549 926 4558 --

995 4717 1048 4774 7*
