2916 5050
256 339 260 344 .
364 271 503 342 OODEX
523 269 745 342 accensita
765 273 1001 346 armenum.
1151 351 1153 360 ,
1204 279 1268 348 169

107 442 359 514 mediolanensis
386 447 544 515 ecclesiae
570 447 797 512 nenessitatem
823 447 924 530 ipsam
951 467 991 514 ao
1011 447 1148 515 dolorem
1169 458 1266 532 atque

108 533 246 612 inopiam
275 541 415 596 nostram
445 533 551 598 valeat
581 534 730 598 intimare.
780 534 832 597 Ex
860 535 911 597 his
937 536 1019 598 enim
1046 533 1175 602 sedibus
1203 537 1266 603 hoc
1321 573 1325 581 .

108 618 212 680 fuerat
235 619 452 700 prohibitum,
471 617 601 700 quod1)
631 619 775 682 noverint
809 621 964 683 communi
992 620 1129 700 periculo
1156 623 1275 700 pro'vi-·

109 699 261 786 dendum3
293 706 429 766 maxime
449 704 523 784 quia
544 711 632 766 tanta
653 702 826 788 indigentia
846 705 1027 767 clericorum
1051 713 1102 766 est
1128 705 1265 768 multae-

108 805 171 869 que
192 789 351 852 ecolesiae
373 791 418 852 ita
439 789 585 853 desertae
606 797 690 870 sunt,
711 798 748 851 ut
767 797 815 850 ne'
829 808 924 854 unum
944 790 1068 871 quidem
1089 789 1264 874 diaconum,

64 871 66 874 ’
107 873 161 955 vpl
182 873 379 956 inliteratum,
400 874 516 937 habere
535 875 733 962 reperiantur.
759 875 844 938 Nam
859 874 899 937 de
919 876 1034 938 ceteris
1055 877 1265 956 superioribus

108 957 258 1041 gradibus
280 968 313 1022 et
335 960 447 1023 officiis
467 960 634 1041 tacendum
654 960 798 1041 arbitror,
825 961 916 1042 quia,
946 969 981 1022 ut
1009 960 1091 1041 dixi,
1120 962 1148 1022 si
1170 963 1264 1023 mini-

109 1043 240 1106 sterium
267 1045 389 1109 diaconi
416 1045 508 1108 facile
535 1064 598 1106 non
626 1046 797 1126 invenitur,
828 1047 925 1108 multo
946 1047 1049 1129 magis
1070 1047 1264 1126 superiorum

110 1127 261 1191 honorum
286 1131 418 1192 inveniri
444 1149 506 1192 non
527 1149 624 1210 posse
646 1131 853 1193 certissimum
881 1139 950 1212 est,
977 1140 1010 1194 et
1039 1131 1176 1213 quotidie
1203 1151 1263 1196 nos

109 1213 256 1294 planctus
281 1215 472 1304 diversarum
498 1233 580 1296 pene
608 1223 813 1286 emortuarum
833 1216 968 1296 plebium
990 1215 1055 1296 jam
1077 1235 1140 1278 non
1163 1219 1265 1279 susti-

108 1318 243 1366 nemusa
279 1302 391 1383 quibus
416 1302 477 1364 nisi
503 1301 596 1362 firerit
618 1301 781 1382 aliquando
803 1303 1011 1382 subventum,
1043 1302 1152 1384 gravis
1172 1304 1264 1384 nobis

109 1392 144 1446 ct
161 1386 386 1450 inexcusabilis
396 1386 661 1450 innumerabilium
673 1387 840 1450 animam
852 1388 1046 1468 pereuntium
1063 1405 1161 1450 causa
1179 1387 1263 1470 apud

108 1468 202 1538 deum
223 1490 370 1558 mansura
391 1481 443 1534 est
455 1471 500 1551 ²}
1083 1491 1087 1497 ·

151 1585 260 1652 LVII.
287 1588 331 1654 Ut
344 1588 477 1676 parvula·
498 1590 586 1673 apud
606 1589 799 1652 Donatistae
821 1587 980 1672 baptizoti
1000 1589 1037 1650 a‘n
1057 1587 1217 1654 corbalan

133 1705 137 1712 ·
443 1677 579 1739 ecclesio
600 1675 710 1737 clerica·
730 1675 927 1737 ordinentur.

197 1775 288 1839 Unde
314 1779 458 1860 quoniam
484 1777 635 1858 superiori
662 1778 793 1840 concilio
807 1775 841 1855 ³)
870 1783 1022 1838 statutum
1043 1791 1118 1858 esse
1139 1794 1263 1840 mecum
1346 1781 1350 1788 '

110 1864 313 1943 recognoscit
340 1865 527 1926 unanimitas
547 1871 671 1944 vestra,
698 1871 733 1924 ut
754 1862 787 1926 hi
808 1861 861 1943 qui
881 1853 965 1941 apud
984 1859 1168 1923 Donatistas
1188 1881 1264 1942 par-

100 1945 177 2006 „vuli
197 1947 346 2029 baptizati
368 1958 452 2032 sunt,
472 1948 608 2011 nondum
628 1949 710 2010 scire
730 1947 876 2010 valentes
898 1946 1008 2008 erroris
1028 1963 1134 2008 comm
1153 1947 1263 2010 interi-

110 2035 194 2110 tum,
224 2041 261 2095 et
276 2042 483 2116 posteaquam
505 2033 545 2096 ad
566 2041 704 2096 aetatem
724 2033 853 2096 rationis
875 2049 1024 2112 capacem
1043 2042 1264 2114 pervenerunt,

109 2117 219 2196 agnita
245 2122 380 2182 veritate
409 2121 577 2182 falsitatem
606 2137 712 2181 eorum
738 2119 940 2182 abhorrentes
962 2115 1003 2178 ad
1023 2117 1191 2179 ecclesiam
1211 2117 1264 2181 dei

109 2201 296 2266 catholicam
314 2224 373 2285 per
393 2207 574 2266 universum
593 2204 740 2266 mundum
762 2203 908 2266 diffusam
932 2201 1038 2264 ordine
1059 2203 1186 2284 antiquo
1206 2222 1264 2285 per

109 2303 220 2349 manus
241 2290 468 2368 impositionem
489 2291 608 2370 recepti
631 2297 721 2351 sunt:
753 2289 868 2352 debere
890 2281 1004 2349 talibus
1028 2287 1265 2369 suscipiendum

111 2385 225 2433 munus
246 2375 411 2438 clericatos
436 2394 499 2437 non
524 2375 672 2454 impedire
693 2393 806 2436 nomen
827 2374 956 2453 enoria,
984 2391 1055 2434 cum
1073 2393 1181 2436 veram
1204 2393 1264 2438 ec-

111 2455 242 2517 clesiam
271 2459 388 2522 illorum
414 2462 592 2540 putaverint
618 2458 659 2521 ad
686 2458 780 2521 iidem
808 2457 989 2521 accedendo
1015 2466 1048 2520 et
1072 2459 1115 2520 ibi
1136 2459 1263 2523 Christo

110 2540 298 2606 crediderint
331 2553 365 2606 et
390 2546 535 2608 trinitatis
566 2552 763 2608 sacramenta
793 2543 1010 2624 perceperint3
1042 2561 1123 2622 quae
1160 2547 1265 2608 omnia

109 2644 188 2688 vera
215 2637 248 2690 et
276 2631 389 2690 sancta
416 2638 510 2711 atque
538 2629 644 2694 divina
670 2647 746 2693 esse
775 2629 982 2692 uanissimam
1011 2634 1064 2688 est
1091 2635 1125 2689 et
1152 2629 1184 2690 in
1212 2631 1267 2693 his

108 2729 232 2776 omnem
253 2715 375 2778 animae
402 2734 492 2796 spem
517 2717 741 2798 constitutam,
775 2732 961 2796 quamquam
983 2719 1017 2772 ct
1036 2712 1263 2779 haereticorum

107 2807 308 2880 praesumpta
330 2801 471 2884 audacia,
491 2802 633 2864 veritatis
653 2803 777 2862 nomine
797 2801 934 2881 palliata,
955 2798 1038 2860 haec
1057 2798 1180 2861 tradere
1202 2819 1263 2864 au-

107 2881 199 2964 deat,
218 2903 299 2965 quae
316 2888 461 2968 quoniam
477 2887 630 2966 simplicia
648 2895 731 2965 sunt,
749 2893 784 2952 ut
804 2893 985 2965 praemonet
1000 2885 1112 2962 beatus
1129 2895 1266 2966 aposto·

106 2965 159 3030 lus
180 2969 334 3035 dicendo:
368 2969 453 3034 Unus
474 2972 569 3048 dena,
591 2976 656 3034 unc
668 2971 774 3051 fider,
796 2991 892 3033 unum
913 2969 1083 3052 baptisma,
1105 2977 1138 3032 et
1158 2971 1262 3033 iterari

106 3071 173 3116 uon
199 3053 314 3136 liceat,
343 3058 426 3136 quod
452 3058 551 3120 semel
579 3057 645 3120 dari
673 3065 815 3136 oportet:
847 3055 1109 3116 anathematizato
1138 3058 1263 3118 nomine

109 3138 222 3201 erroris
250 3142 436 3221 recipiantur
462 3161 519 3223 per
538 3160 649 3206 manus
669 3141 897 3221 impositionem
918 3141 950 3200 in
969 3157 1062 3200 unam
1083 3140 1263 3222 ecclesiam,

109 3223 294 3306 columbam,
313 3235 349 3288 ut
360 3226 478 3290 dictum
499 3227 604 3307 esti),
617 3235 650 3288 et
667 3245 761 3288 unam
781 3233 910 3286 matrem
922 3225 1056 3284 omnium
1074 3225 1263 3286 christiano-

10 3373 14 3378 ,
106 3327 183 3390 rum,
205 3311 258 3372 ubi
279 3313 381 3374 omnia
401 3313 454 3376 illa
474 3321 673 3374 sacramenta
695 3310 858 3372 salubriter
878 3316 912 3370 et
933 3315 1060 3368 aeterne
1080 3317 1113 3370 et
1127 3310 1263 3372 vitaliter

107 3395 310 3478 accipiuntur,
332 3415 413 3478 quae
433 3397 709 3478 perseverantibus
729 3397 762 3458 in
783 3394 906 3456 lraeresi
921 3410 1068 3474 magnam
1086 3393 1264 3458 damnatio-

106 3479 159 3540 nis
179 3498 313 3558 poenam
334 3484 535 3566 conquirunt,
562 3489 599 3544 ut
626 3481 710 3563 quod
737 3481 786 3542 eis
812 3481 844 3542 in
872 3479 1006 3540 veritate
1033 3477 1075 3541 ad
1103 3489 1263 3544 aeternam

106 3563 208 3624 vitam
230 3567 481 3646 consequendam
498 3567 591 3631 'esset
610 3567 810 3646 luminosius,
838 3565 958 3635 hocin
979 3567 1146 3640 erroresit
1168 3575 1263 3628 tene-

109 3645 233 3712 brosius
262 3657 357 3729 atque
385 3651 573 3716 damnosius.
626 3651 720 3730 Quod
744 3652 905 3734 fugientes
930 3649 1066 3710 nonnulli
1095 3658 1129 3711 et
1155 3653 1264 3724 matris

108 3732 269 3806 ecclesiae
290 3735 385 3798 ubera
405 3747 648 3821 cognoscentes,
669 3735 760 3818 qui⁵)
782 3737 834 3796 illa
855 3735 957 3797 omnia
977 3741 1091 3810 sancta
1111 3737 1264 3818 mysteria

41 3843 43 3846 ·
107 3835 213 3878 amore
240 3820 382 3885 veritatis
410 3823 606 3888 crediderunt
626 3829 728 3904 'atque
755 3826 978 3900 perceperunt,
1015 3819 1126 3898 quibus
1153 3839 1263 3883 sacra·-

106 3911 279 3965 mentorum
300 3907 392 3969 rebus
414 3927 485 3972 cum
500 3911 587 3971 vitae
602 3908 703 3968 bonae
724 3905 862 3985 probitas
879 3904 1062 3984 accesserit,
1083 3904 1153 3966 sine
1168 3905 1262 3970 dubio

106 3987 149 4049 ad
169 3988 304 4053 officium
326 3993 493 4058 clericatus
511 3995 592 4056 tales
610 4011 684 4055 esse
703 3987 904 4072 applicandos
922 3997 954 4050 et
972 3989 1107 4052 maxime
1126 3991 1157 4052 in
1174 4001 1264 4056 tanta

106 4089 206 4136 rorum
236 4079 447 4161 necessitate,
487 4081 589 4142 nullus
618 4085 670 4143 est
696 4077 838 4159 quinon
865 4073 1040 4157 concedat3
1075 4095 1263 4160 quamquam

105 4159 242 4219 nonnulli
272 4159 413 4241 ejusdem
440 4173 552 4228 sectae
578 4161 683 4226 clerici
709 4179 780 4224 oum
806 4161 949 4242 plebibus
977 4169 1072 4241 atque
1093 4161 1266 4226 honoribus·

103 4243 173 4306 suis
193 4243 234 4305 ad
254 4265 314 4308 nos
335 4249 466 4311 transire
487 4247 684 4329 desiderent,
707 4247 759 4331 qui
781 4264 885 4310 amore
906 4246 1031 4310 honoris
1052 4255 1106 4309 aut
1126 4267 1263 4330 persua-

104 4327 180 4392 dent
200 4327 361 4420 advitam
381 4341 436 4396 aut
456 4332 652 4402 retinentad
673 4333 816 4403 salutem·
848 4329 915 4396 Sed
932 4331 994 4396 1¹⁰⁰
1010 4329 1117 4419 111⁰thst
1133 4334 1263 4400 fratrum

65 4485 69 4496 l
103 4477 303 4506 ι’-ιι--ῃ

46 4601 50 4608 “
139 4573 168 4640 ²)
187 4589 237 4640 prm
255 4531 356 4628 liiid-¹
374 4607 408 4618 -
451 4571 970 4644 ²)uiaretert.o.v01.1.‚p.5oina
1004 4601 1040 4622 .-
1080 4572 1110 4639 ι)
1126 4569 1162 4623 0f,
1182 4571 1261 4630 cone,

109 4675 113 4684 ·
173 4642 263 4696 Carth.
277 4645 321 4696 lll.
338 4660 359 4699 c.
378 4649 421 4702 48.
456 4676 492 4694 .-
532 4643 791 4712 ,uonnunatt
828 4673 859 4684 -·
915 4642 1092 4718 *baleam
1128 4667 1163 4686 -.
