2912 5060
332 241 594 316 ,comeum
615 241 885 312 'lOblMANUM
902 246 986 314 vm.
1164 245 1238 314 Ἥ

9 425 17 482 l
88 433 162 484 cnm
173 413 270 482 saluti
282 415 487 498 proximorum
502 415 556 498 pia
573 414 711 480 comitur
731 414 950 498 compassione
968 414 1134 501 pmdcsse3
1152 415 1238 482 unde

89 505 174 568 solet
200 504 400 586 contingere,
427 511 465 564 ut
489 503 561 582 plus
581 500 735 566 commodi
755 501 795 563 de
817 503 919 566 aliena
940 503 1044 566 salute
1064 505 1236 586 conquirat,

89 608 184 670 quam
211 589 251 650 de
277 589 400 669 propria
425 588 565 664 utilitate
587 589 719 668 quisque
746 589 906 668 percipiat.
950 590 987 650 In
1012 590 1239 672 multiscium,

88 677 164 756 quia
176 672 210 756 ¹)
228 676 392 736 multorum
412 673 500 739 salus
521 673 698 754 attenditur,
719 671 845 752 majoris
864 673 941 738 lucri
960 693 1082 738 summa
1093 676 1240 757 percipia-

92 759 207 842 tnr2)3
236 761 267 822 in
293 776 331 820 se
358 766 481 840 autam,
510 759 583 838 quia
608 758 721 838 privati
747 759 900 820 commodi
925 759 1238 842 fructusappetitur,

90 863 154 908 non
175 843 299 922 satis³)
322 852 391 925 eat,
411 844 441 906 si
460 842 552 910 unius
571 843 716 907 beneficii
736 843 873 922 praemia
894 846 1135 926 conquiranturs
1155 849 1240 909 Hinc

9 961 13 998 r
90 939 125 992 et
155 931 208 992 illa
235 929 442 1012 regendarum
469 927 662 992 tantumdem
688 928 778 994 salus
803 937 854 992 est
879 929 1034 1014 plebium,
1069 949 1150 1013 qnae
1175 951 1240 995 non

89 1035 169 1088 suos
188 1015 269 1078 fines
287 1016 413 1095 privata
426 1014 590 1077 voluntate
609 1013 778 1093 concludit,
799 1013 858 1076 sed
880 1033 962 1094 quae
982 1015 1240 1098 universitatis⁴J

90 1100 208 1164 limites
230 1101 387 1162 communi
406 1099 624 1180 prosperitatis
636 1097 670 1178 ⁵)
696 1099 772 1182 lege
793 1099 942 1162 defendit.
983 1099 1179 1184 Quapropter
1197 1121 1241 1164 ne

9 1219 12 1258 ι
92 1185 240 1250 salutaris
258 1185 292 1264 ⁶)
325 1184 400 1248 ordo
433 1182 644 1273 imperiqlibus
668 1184 814 1246 videatur
837 1186 943 1247 verbis
972 1188 1078 1266 potius
1108 1189 1241 1250 obtineri

92 1290 187 1353 quam
214 1269 368 1351 factisl),
395 1269 436 1332 de
465 1269 665 1333 sublimitatis
691 1271 821 1332 obtentu
842 1267 1075 1351 recinamus⁸)
1101 1273 1142 1334 ad
1164 1281 1243 1336 vota

9 1415 10 1420 ,
92 1357 268 1437 supplicum
287 1357 472 1437 tranquillae
485 1356 617 1420 visionis
626 1353 660 1432 ⁹)
674 1355 858 1434 adspectum
869 1355 933 1437 ¹⁰),
948 1365 983 1418 ut
1002 1357 1074 1419 mdc
1095 1359 1243 1422 salutaris

91 1443 270 1522 compassio
300 1442 417 1504 habeat
443 1440 656 1521 commodum,
687 1440 770 1502 unde
796 1449 916 1502 turmae
942 1443 1077 1522 plebium
1104 1443 1241 1524 adeptae

90 1528 205 1590 fuerint
226 1527 463 1608 supplicationis
481 1525 641 1588 effecturis.
668 1525 750 1588 Cum
770 1525 865 1607 igitur
884 1527 1137 1605 praecedentium
1158 1528 1241 1591 serie

92 1621 267 1694 temporum
292 1612 520 1676 immoderatior
544 1611 682 1674 aviditas
708 1611 879 1692 principum
907 1630 983 1673 sese
1008 1613 1242 1693 pronadiffun-

93 1698 186 1760 deret
205 1699 237 1760 in
258 1699 366 1778 spoliis
387 1698 579 1777 populorum,
601 1694 700 1774 atu)
723 1695 921 1778 augeret12)
939 1698 984 1758 rei
1003 1699 1144 1779 propriae
1161 1703 1241 1762 oen-

92 1801 166 1846 sum
187 1801 334 1846 aerumna
354 1783 466 1847 flebilis
493 1781 719 1862 subjectorum,
742 1781 871 1844 tandem
891 1802 1046 1862 supernae
1066 1785 1243 1864 respectio-

92 1872 144 1930 nis
157 1868 212 1947 18)
232 1868 340 1930 afflatu
360 1869 450 1930 nobis
463 1877 523 1936 ‚est
542 1868 690 1932 divinitus
711 1868 910 1950 inspiratum,
939 1877 974 1930 nt
994 1870 1068 1949 quia
1089 1869 1243 1950 subjectis

91 1954 187 2036 leges
207 1954 403 2016 reverentiae
425 1953 627 2034 dederamus,
647 1953 818 2033 principum
840 1971 964 2036 quoque
986 1955 1242 2035 excessibusu)

90 2039 298 2102 retinaculum
318 2040 544 2119 temperantiae
564 2057 759 2120 poneremus.
793 2039 927 2102 Proinde
948 2040 1072 2102 sincera
1092 2059 1243 2104 mansue-

92 2125 278 2204 tudinis¹⁵)
309 2125 531 2188 deliberatione
554 2133 620 2186 tarn
646 2125 737 2186 nobis
765 2141 859 2204 quam
879 2126 1149 2188 cunctisnostrae
1168 2127 1245 2211 glo-

91 2212 160 2275 riae
179 2211 418 2274 successoribus
441 2211 603 2289 adfirturis,
624 2208 684 2270 deo
705 2207 871 2291 mediante,
892 2212 999 2294 legem
1019 2213 1162 2292 ponimus
1184 2213 1244 2275 de'-

92 2303 278 2376 cretumque
299 2295 411 2360 divalis
438 2295 657 2358 observantiae
678 2296 926 2378 promulgamus,
953 2306 989 2358 ut
1008 2298 1111 2360 nullus
1131 2301 1243 2382 regum

93 2381 288 2460 impulsionis
307 2399 386 2442 suae
401 2383 648 2462 quibuscumque
669 2381 806 2444 motibus
828 2389 882 2443 aot
902 2382 1089 2445 factionibus
1104 2385 1245 2465 scriptu-

84 2485 150 2528 -ras
175 2465 215 2526 de
243 2465 430 2544 quibuslibet
447 2468 550 2530 :retus
578 2465 669 2528 alteri
693 2465 808 2529 debitis
833 2467 880 2528 ita
903 2475 1089 2548 extorqueat
1108 2470 1162 2529 vel
1184 2489 1246 2535 ex·

94 2549 289 2632 torquendas
316 2552 478 2633 instituat,
507 2561 662 2634 quatenus
690 2550 805 2631 injuste
836 2570 876 2614 ac
903 2553 1046 2614 nolenter
1072 2552 1246 2619 debitarum

92 2638 156 2702 sibi
177 2637 309 2717 quisque
329 2636 508 2716 privari¹⁸)
529 2638 632 2718 possit
651 2635 786 2702 dominio
807 2655 918 2700 rerum.
949 2635 1042 2716 Quod
1061 2639 1091 2700 si
1111 2638 1247 2720 alicujus

93 2723 275 2807 gratissima
289 2723 452 2784 voluntate
467 2723 624 2804 quidpiam
641 2721 682 2784 de
702 2723 797 2786 rebus
818 2738 1049 2804 aquosumque
1069 2726 1247 2806 perceperit

92 2810 148 2872 vel
168 2827 223 2888 pro
246 2807 385 2870 evidenti
404 2809 617 2888 praestatione
638 2808 778 2871 lucratus
799 2807 914 2890 aliquid
934 2808 1044 2890 finerit,
1073 2811 1105 2870 in
1133 2811 1246 2874 eadem

91 2895 250 2974 scriptura
275 2901 390 2974 patens
409 2895 585 2958 voluntatis
612 2912 651 2956 ao
672 2893 815 2973 praestiti
835 2893 970 2956 conditio
991 2899 1244 2977 annotetur,.per

95 2997 192 3059 quam
217 2987 271 3046 aut
290 2979 454 3058 impressio
482 2979 630 3060 principis
659 2987 715 3042 aut
744 2979 933 3042 conferentis
960 2980 1046 3042 fraus
1060 2981 1246 3056 evidentis,-

95 3065 177 3126 sime
210 3061 396 3145 detegatur:
431 3073 466 3126 et
496 3066 524 3126 si
553 3065 690 3146 patuerit
720 3083 739 3128 a
771 3063 897 3126 nolente
929 3065 1028 3127 fuisse
1061 3067 1246 3148 scripturam

97 3156 262 3230 exactam,
288 3157 343 3210 aot
362 3149 530 3231 resipiscat
554 3151 736 3230 improbitas
766 3151 912 3231 principis
939 3158 976 3212 et<
998 3161 1134 3216 evacuet
1158 3153 1246 3234 quod

96 3235 180 3298 male
196 3235 360 3318 contraxit,
377 3245 432 3298 aut
452 3244 539 3299 certe
559 3244 633 3316 post
651 3233 722 3316 ejus
742 3243 873 3298 mortem
895 3233 936 3296 ad
956 3253 1040 3318 eum,
1062 3239 1113 3298 coi
1130 3247 1246 3302 exacta

88 3328 150 3388 ,est
170 3321 341 3403 scriptura,
366 3323 420 3384 vel
442 3322 482 3384 ad
502 3319 657 3385 haeredes
683 3319 753 3401 ejus
773 3339 825 3384 res
844 3321 934 3400 ipsae
954 3320 1024 3382 sine
1045 3323 1247 3389 cunctatione

91 3407 234 3470 debeant
254 3406 469 3486 revocari¹⁷).
497 3408 572 3468 lllae
593 3415 699 3470 autem
719 3425 781 3488 ras,
803 3423 885 3487 quae
904 3406 1032 3468 seclusa
1052 3409 1135 3470 omni
1156 3428 1246 3472 corn-

94 3490 335 3572 pressionis¹⁸)
367 3492 637 3574 argumentatione
660 3491 784 3554 directo
813 3491 905 3553 modo
934 3492 1112 3554 transierint
1126 3493 1180 3574 ¹⁹)
1213 3497 1246 3558 in

96 3576 246 3656 principis
262 3585 465 3658 potestatem,
485 3578 517 3638 in
531 3576 600 3658 ejus
613 3577 793 3660 perenniter
809 3575 879 3656 jura
900 3576 1083 3662 perdurent,
1105 3587 1138 3640 et
1153 3581 1247 3662 quid-

89 3660 173 3741 ,quid
201 3678 244 3720 ex
263 3660 357 3722 rebus
376 3661 454 3741 ipsis
475 3661 557 3724 idem
577 3663 724 3744 princeps
746 3661 885 3726 ordinare
906 3663 1070 3743 voluerit,
1086 3681 1248 3746 suaepo-

95 3745 226 3812 testatis
254 3744 375 3806 arbitrio
402 3745 585 3826 sabjacebit.
637 3749 758 3812 Verum
783 3755 819 3809 ut
848 3765 939 3810 omne
965 3746 1057 3827 hujus
1071 3751 1246 3832 negotium

88 3831 230 3896 actionis
249 3831 373 3894 roboret
391 3831 558 3896 sinceritas
577 3833 738 3913 veritatis,
769 3851 842 3894 cum
862 3851 1124 3913 quarumcumque
1144 3847 1246 3904 rerum

93 3917 269 3997 scripturae
295 3915 328 3978 in
355 3917 505 3998 principis
531 3920 655 3984 nomino
684 3917 843 3982 extiterint
869 3917 997 4000 factae,
1029 3925 1247 4005 moxstastes,

94 4001 150 4083 qui
175 4003 207 4066 io
232 3999 345 4066 eadem
364 4004 520 4090 scriptura
545 4003 775 4086 subscriptores
797 4004 1012 4086 accesserint,
1033 4004 1073 4067 ab
1094 4003 1247 4090 his'quos

129 4201 394 4340 titulati.
426 4232 471 4316 ‘-
508 4201 775 4344 ’lrtitttli
792 4231 840 4329 ii
872 4203 1238 4345 3³⁸t¹;‘':tl¹l·r†:·

131 4341 161 4406 ⁷)
178 4341 262 4407 postia
283 4340 312 4394 in
329 4359 365 4396 nr.
382 4345 420 4398 M.
452 4369 503 4386 ·-
557 4345 587 4412 θ)
611 4346 765 4400 declinamus
784 4345 825 4399 M.
863 4374 899 4386 -
944 4347 977 4414 ⁹)
989 4347 1116 4416 jocationis
1137 4352 1246 4403 Mu·-

108 4409 452 4476 1a)odopcctuinm.M.
483 4439 523 4463 μιν
559 4413 878 4482 11)ortnm.tt.,-·
916 4417 1246 4485 ”warnorum-—

108 4477 414 4546 rememorantem.
441 4511 477 4524 -
510 4481 560 4552 rt)
576 4498 696 4545 caessara
712 4485 750 4537 M.
776 4513 812 4526 -
845 4485 896 4554 Ν)
911 4489 1092 4554 nostracadd.
1108 4488 1189 4543 inin.
1207 4493 1245 4545 M.

109 4549 211 4616 nico
225 4551 537 4609 eaustmtomttrarom
554 4590 579 4606 ..
596 4553 706 4620 probm
722 4553 802 4622 iri-qr.
819 4553 858 4606 M:
897 4583 932 4596 -
975 4559 1025 4625 1⁵)
1042 4563 1166 4614 resumat*
1181 4561 1245 4620 inid,

110 4619 277 4688 1⁸)remom
292 4623 362 4675 omni
377 4617 580 4691 rqmeboosiooio
595 4625 633 4678 M.
668 4651 702 4666 -
742 4623 790 4691 Η)
809 4626 966 4678 remearem
977 4625 1021 4679 M.
1049 4625 1090 4670 ’-
1151 4644 1180 4674 .·¹
1217 4628 1222 4644 '

137 4713 201 4761 atti.
216 4715 273 4764 cccl.
292 4719 311 4764 1.
965 4713 1006 4774 ¹9
