2912 5060
272 253 482 328 ‘nooux
505 249 728 316 noornsuur
749 233 986 322 anulorum
1125 263 1128 269 ·
1179 252 1248 324 *195
1330 291 1335 298 .

88 428 251 504 Moetensl
263 427 296 506 ¹)
318 426 437 511 legatis
453 424 634 508 prouinciae
654 422 863 494 Mauritaniae
883 420 1090 507 sitiphensis3
1119 423 1246 492 Ninelio

88 514 281 580 Rusurrensi
291 511 529 596 ²),·lraurentio
549 510 708 572 Icositano
730 517 763 570 et
778 507 970 571 Numeriano
985 505 1245 591 nusgumensis)

89 603 209 684 legatis
229 599 410 680 provinciae
431 596 638 659 Mauritaniae
659 594 893 673 Caesariensis,
915 592 955 656 ab
974 595 1145 659 universali
1165 615 1246 660 con-

90 689 162 749 cilio
179 684 344 766 ¹jndicibus
371 683 526 761 delectis,
547 679 759 742 'adstantibus
790 678 930 746 diaconis
959 678 1177 762 consedisset,
1213 689 1246 744 et

89 771 273 853 quibusdam
309 769 446 850 peractis
485 765 572 828 multi
608 765 750 846 episcopi
786 772 959 826 ceterorum
998 765 1245 847 peragendorum

90 875 193 918 moras
215 875 252 917 se
273 860 536 936 conquererentur
561 851 717 912 sustinere
740 867 806 910 non
833 865 948 929 posse,
977 858 1011 910 et
1039 850 1080 911 ad
1107 854 1246 932 proprias

88 940 245 1004 ecclesias
266 941 465 1020 festinarent3
490 935 608 1017 placuit
628 933 822 1018 nniversol)
849 933 998 1014 concilio,
1026 943 1062 997 ut
1082 936 1121 999 ab
1145 939 1274 998 omni--

90 1027 152 1089 bus
179 1027 367 1109 eligerentur
394 1025 435 1086 de
462 1021 595 1104 singulis
622 1021 796 1100 quibusque
822 1019 1007 1099 provinciis,
1040 1021 1093 1100 qui
1121 1031 1247 1103 propter

89 1111 154 1174 alia
173 1109 355 1192 peragenda
375 1108 558 1171 residerent.
599 1105 642 1166 lit
666 1105 784 1166 laetum
805 1111 856 1165 est
876 1112 912 1165 ut
931 1101 963 1164 hi
983 1103 1144 1186 adessent,
1165 1127 1248 1189 quo-

89 1215 158 1260 rum
179 1196 426 1277 subscriptiones
448 1211 505 1254 eos
526 1190 666 1254 adfuisse
686 1197 850 1254 testantur.

127 1321 314 1387 crtum.
361 1320 454 1401 aava
473 1318 739 1462 cremamurctliquti
759 1317 805 1464 {td
823 1322 1064 1416 accurationem,
1080 1323 1213 1388 admitti

552 1421 616 1464 nen
661 1423 784 1464 aeon.

56 1525 64 1546 r
173 1509 298 1572 Placuit
308 1506 343 1587 ⁶)
370 1504 533 1578 omnibusr
561 1505 706 1586 quoniam
734 1505 944 1585 superioribus
965 1508 1164 1572 conciliorum
1187 1511 1248 1588 dee

93 1595 190 1656 oretis
225 1595 266 1656 de
300 1593 465 1673 personis,
494 1607 576 1671 quae
609 1590 820 1653 admittendae
847 1600 921 1654 sunt
947 1592 987 1655 ad
1015 1597 1250 1660 accusationem

92 1680 293 1760 clericorum,
311 1677 377 1758 jam
399 1677 601 1739 constitutum
624 1684 691 1752 est,
719 1684 753 1737 et
773 1695 858 1758 quae.
875 1696 1029 1757 personae
1051 1699 1113 1742 non
1134 1681 1251 1744 admit¹

91 1773 231 1826 terantur
240 1764 274 1843 6)
301 1782 365 1824 non
390 1780 575 1842 expressum
603 1769 675 1844 est,
703 1761 819 1824 idcirco
840 1762 1005 1826 delinimus
1027 1785 1098 1827 eum
1127 1768 1184 1829 rite
1207 1769 1248 1830 ad

83 1852 327 1928 accusationem
349 1868 410 1909 non
432 1845 561 1928 admitti,
584 1848 636 1928 qui
650 1855 857 1928 posteaquam
874 1852 1162 1918 excommunicatus
1178 1854 1251 1916 fue-

88 1931 199 2017 rit,'in
222 1937 292 2016 ipSa
313 1909 759 2000 adhuc‘encdddmunicatione
780 1923 982 2020 constitutus,
1002 1937 1137 2014 sivesit
1157 1940 1251 2003 cleri-

83 2040 148 2090 cus
170 2023 241 2084 sive
259 2023 379 2100 laicus,
401 2037 554 2084 accusare
574 2018 717 2080 voluerit.

123 2149 277 2215 CXXIX.
325 2147 418 2228 Quod
437 2148 523 2210 nerui
540 2153 579 2208 'ct
601 2144 710 2207 liberta·
728 2154 898 2228 meaque
918 2149 1055 2229 infames
1070 2171 1230 2233 perronae
1315 2140 1317 2144 ’

92 2235 93 2244 ’
463 2252 534 2296 mon
556 2231 693 2294 debeant
715 2250 876 2294 accusare.

92 2389 114 2404 .,
176 2337 406 2418 Item-placuit,
428 2342 464 2396 nt
485 2351 602 2398 omnes.
615 2334 701 2400 serui
716 2334 772 2412 ,vel
787 2334 907 2414 proprii
926 2333 1026 2414 liberti
1048 2337 1089 2400 ad
1112 2359 1251 2405 accusa-

88 2422 209 2488 atoma
230 2443 292 2489 uon
313 2421 520 2502 admittantur,
539 2419 594 2482 vel
616 2436 743 2499 ornnes,
756 2436 843 2499 quos
864 2418 1106 2486 adaccusanda
1125 2429 1251 2506 publiea

92 2499 220 2570 crimina
245 2510 337 2590 leges
362 2507 505 2586 publicae
533 2524 596 2568 non
624 2503 815 2584 admittunt,
849 2523 957 2566 omnes
985 2508 1079 2568 etiam
1105 2512 1250 2576 infamiae
1300 2522 1303 2526 ’

90 2595 223 2676 maculis
234 2593 267 2674 ⁷)
287 2591 424 2672 aspersi,
451 2591 483 2652 id
504 2599 556 2652 est
576 2589 745 2652 histriones
767 2599 814 2650 ac'
827 2590 1065 2670 turpitudinibus
1086 2595 1249 2676 subjectae

89 2698 262 2761 personae,
293 2675 444 2740 haeretici
464 2675 558 2756 etiam
579 2675 649 2736 sive
670 2675 786 2756 pagani
808 2673 878 2736 siva
899 2675 1035 2758 Judaei3
1064 2679 1123 2741 sed
1144 2689 1250 2746 tamen

91 2766 251 2846 omnibus,
275 2765 389 2846 quibus
411 2761 572 2846 accusatio
595 2759 786 2842 denegatur,
813 2757 845 2820 in
867 2761 974 2823 causis
999 2765 1130 2845 propriis
1152 2787 1251 2834 aceu-
1327 2801 1330 2806 ·

90 2851 181 2915 sandi
199 2851 327 2944 licentia
349 2867 410 2910 non
431 2845 634 2929 negandal).
666 2929 670 2937 ³
1095 2893 1097 2897 .
1162 2841 1175 2860 ⁴

128 2977 266 3042 OXXX.
315 2973 358 3037 Ut
380 2975 435 3058 qui
455 2993 552 3036 onum
573 2935 776 3034 erimanssnon
792 2971 998 3054 probauerit,
1019 2975 1065 3036 ad
1084 2925 1227 3041 atroam!
1280 2955 1284 2964 Ι

469 3050 703 3120 radmttt‘tnon
724 3057 849 3119 debeat.

148 3167 151 3174 '
184 3165 271 3226 Item¹
294 3161 411 3244 placuit
444 3168 479 3222 ut
507 3161 767 3242 quotiescumque
795 3159 917 3222 clericis
947 3160 986 3220 ab
1014 3167 1251 3229 accusatoribus

92 3249 190 3314 multa
212 3249 338 3312 crimina
358 3245 551 3328 objiciuntur,
574 3254 608 3308 et
629 3264 724 3306 unum
739 3262 788 3306 ex
809 3245 896 3324 ipsis,
919 3243 1038 3324 dequo
1060 3249 1145 3325 prius
1167 3247 1249 3334 age-

91 3339 167 3417 rint,
187 3336 327 3418 probare⁴
340 3352 402 3393 non
423 3331 592 3413 valuerint,
621 3330 662 3393 ad
684 3338 790 3393 cetera
806 3329 873 3410 jam
893 3347 956 3389 non
978 3328 1186 3416 admittantur.

236 3459 389 3524 CXXXI.
421 3459 498 3537 *Qui
520 3459 565 3522 ud
584 3459 801 3522 testimonium
823 3443 1018 3519 admittendi
1038 3459 1115 3522 sint.

178 3561 295 3624 'lentes
321 3570 425 3625 autem
456 3560 496 3623 ad
521 3561 735 3623 testimouium
759 3579 820 3622 non
850 3559 1078 3643 admittendos,
1109 3565 1161 3643 qui
1187 3585 1249 3628 nec

91 3645 135 3709 ad
160 3649 394 3708 accusationem
418 3646 539 3708 admitti
565 3647 726 3726 praecepti
753 3655 845 3727 sunt,
871 3646 924 3706 vel
955 3645 1050 3708 etiam
1078 3665 1158 3727 quos
1179 3650 1249 3730 ipsa

90 3726 259 3795 accusator
276 3731 320 3794 de
344 3752 402 3795 sua
422 3733 514 3796 domo
535 3731 724 3811 produxerit.
765 3731 818 3793 Ad
840 3731 1052 3801 testimonium
1072 3741 1177 3795 autem
1197 3737 1250 3798 im·

91 3828 145 3880 tra
166 3834 266 3881 annos
286 3817 520 3902 quatuordecim
538 3817 655 3878 aetatis
675 3834 754 3880 suae
774 3835 836 3878 non
857 3814 1065 3878 admittantur.

120 3945 290 4012 CXXXII.
321 3945 372 4009 Dc
393 3948 550 4026 qrtscqro,
573 3937 628 4026 qut
649 3943 901 4004 excommunicet
922 3963 1002 4020 eum,
1025 3945 1153 4026 queml)
1166 3945 1231 4010 stet

371 4032 441 4094 ooli
455 4031 574 4093 emman
594 4027 677 4089 dicit
698 4043 765 4090 ease
787 4029 972 4108 consensum.
1012 4045 1016 4052 ·

174 4131 253 4194 ltem
271 4131 399 4214 placuit,
420 4139 456 4194 ut
477 4132 505 4194 si
526 4123 650 4214 quando
672 4121 843 4214 episeopus
860 4127 937 4192 dicit
958 4129 1092 4212 aliquem
1111 4129 1170 4192 sibi
1189 4116 1249 4194 soli
1291 4189 1294 4193 .

87 4217 244 4299 proprium
264 4219 381 4282 crimen
401 4216 501 4280 finisse
522 4217 702 4306 confessum
724 4226 819 4300 atque
841 4215 893 4278 ille
915 4225 1013 4306 neget
1034 4223 1066 4277 et
1087 4215 1249 4309 poenitere

126 4417 156 4486 ²)
178 4417 283 4484 optensi
301 4417 333 4470 0.
347 4405 382 4470 H.
409 4447 445 4458 —
481 4417 511 4485 ²)
531 4417 635 4470 Ninello
653 4413 870 4476 annunciate.
882 4415 916 4466 Η.
935 4442 970 4452 -
986 4412 1087 4466 Nicallo
1105 4407 1268 4467 dinariorum·

160 4488 232 4539 aeria
249 4488 334 4540 Hand.
367 4513 404 4530 -·-
445 4486 475 4554 ⁸)
493 4487 681 4554 martinensi
697 4485 728 4539 C.
746 4485 781 4538 Η.
815 4509 851 4528 *-
890 4484 921 4552 t)
939 4485 1078 4538 antumnali
1096 4485 1127 4536 C.
1141 4486 1179 4538 dl.
1214 4515 1249 4526 -

130 4557 159 4623 ὅ)
178 4558 280 4609 Placuit
298 4560 386 4626 itaqua
403 4555 436 4610 G.
454 4556 491 4609 H.
516 4571 564 4598 -·
589 4557 618 4624 ὓ)
636 4557 805 4609 admittuntur
823 4554 855 4606 C.
871 4554 906 4606 H.
933 4583 969 4594 -
1005 4555 1034 4626 ⁷)
1054 4555 1154 4608 mucela
1171 4555 1204 4608 C.
1215 4556 1249 4608 Η.

127 4628 157 4694 ι)
177 4628 307 4682 tomitem
324 4626 532 4697 nmuapuadaar
550 4627 582 4681 G·
599 4625 648 4681 Η..
668 4651 705 4668 .-
752 4625 781 4692 ⁹)
799 4625 842 4690 qut
860 4622 886 4676 in
906 4628 979 4676 textu
995 4623 1062 4680 Just.
1097 4651 1132 4663 -

975 4706 1049 4771 1³*
1090 4737 1092 4749 .
