2916 5050
431 245 682 314 mumdum
699 187 960 315 malesuasa.
1206 243 1269 312 ott

118 422 236 486 ciamm
264 435 320 499 per
346 416 485 482 Africam
511 416 689 500 lagationes
715 419 904 482 convenisse
931 417 974 482 od
999 415 1098 498 dmm,
1129 423 1165 476 ut
1192 413 1266 494 dixi,
1358 458 1364 470 .

117 500 335 589 praestitutam
361 505 460 566 nostri
485 511 656 587 tractatus;
681 505 741 568 scd
768 513 840 586 'cum
868 503 1065 568 sacerdotum
1089 509 1264 564 nostrorum

118 591 253 673 epistola
264 589 503 672 Bynaceuorum
517 588 630 652 fuisset
644 589 836 674 recitata1),
855 591 908 652 vel
927 587 1000 670 quid
1016 605 1139 651 menum
1161 583 1263 667 iidem,

119 677 172 760 qui
192 685 317 756 tempus
345 675 378 736 ct
402 673 484 736 diem
509 674 631 737 concilii
656 685 901 756 praevenerant,
927 681 1119 756 tractassent
1135 680 1263 732 vestrae

119 763 242 828 caritati
268 761 441 842 legeretur,
467 761 550 822 lecta
577 767 628 823 est
651 763 745 822 etiam
766 780 786 822 a
805 761 948 822 fratribus
968 759 1127 820 Honoratc
1148 765 1182 816 et
1201 755 1263 818 Ur·

5 857 26 931 ,'
59 871 62 877 ¹
117 850 224 928 bano,
262 845 317 926 qui
350 845 515 906 nobiscum
541 843 634 906 hodie
662 845 793 907 concilio
807 845 842 924 ²}
871 845 1113 924 participantur,
1146 841 1263 922 legatio

118 931 311 1012 sitiphensis
317 929 508 1010 'provinciae
527 927 700 1011 destinata3
721 931 816 992 frater
834 932 928 991 etiam
942 929 1086 1010 Reginus
1106 927 1263 988 ecclesiae

118 1015 381 1099 Vegetselitanae
394 1013 429 1092 ⁸)
452 1015 562 1076 literas
589 1013 630 1074 ad
656 1016 842 1094 parvitatem
867 1033 969 1076 meam
989 1015 1081 1076 datas
1102 1011 1263 1074 Crescen-

119 1103 195 1164 tiani
221 1101 338 1180 primae
365 1099 469 1179 sedis,
496 1107 532 1160 ut
559 1099 628 1178 ipse
655 1101 814 1182 insinuat,
845 1099 1058 1162 Numidiamm
1084 1105 1118 1157 et
1144 1097 1263 1158 Aurelii

118 1187 374 1266 coepiscoporum
394 1193 581 1246 nostrorum:
603 1184 634 1244 'm
656 1186 767 1265 quibus
787 1185 913 1265 scriptis
933 1193 1042 1246 vestra
1061 1199 1184 1244 mecam
1204 1199 1262 1243 ca-
1352 1201 1354 1212 ’

118 1273 195 1334 ritas
220 1270 421 1352 recognoscit
443 1270 627 1348 promisisse
652 1266 799 1351 eosdem‘,
825 1269 908 1352 quod
933 1277 988 1331 aut
1014 1271 1074 1349 ipsi
1093 1267 1268 1348 dignares·-

118 1365 169 1418 tur
185 1357 311 1435 venire,
340 1362 395 1416 aut
412 1354 456 1416 ad
476 1355 538 1416 hoc
557 1354 721 1416 concilium
740 1356 875 1418 firissent
899 1373 942 1416 ex
968 1373 1054 1416 more
1080 1352 1262 1414 destinaturi

117 1437 251 1524 legatos.
293 1439 361 1501 de
381 1440 442 1500 hoc
462 1440 535 1519 quia
555 1440 679 1500 minime
698 1441 813 1502 factum
828 1439 974 1520 videtur,
1001 1439 1054 1500 diu
1075 1457 1113 1498 se
1132 1437 1262 1498 detineri

119 1525 160 1590 de
178 1526 347 1606 longinquo
366 1526 532 1586 venientes
552 1524 650 1606 legati
662 1525 868 1604 Mauritaniae
878 1525 1068 1604 sitiphensis
1083 1537 1145 1584 non
1165 1531 1261 1602 posse

44 1627 46 1631 ’
119 1619 291 1689 testantur,
318 1617 353 1670 et
378 1608 449 1670 ideo
475 1610 603 1690 fratres,
632 1609 661 1672 si
688 1619 816 1672 vestrae
845 1611 966 1672 caritati
985 1608 1125 1687 videtur,
1153 1607 1262 1667 literae

118 1696 246 1758 fratrum
265 1701 437 1766 nostrorum
452 1695 702 1777 Byzacenorum,
724 1695 783 1758 sed
803 1703 837 1756 et
855 1696 1037 1756 breviarium
1059 1691 1141 1776 qnod
1161 1691 1262 1754 eidem

118 1780 273 1862 epistolae
293 1776 497 1858 adjunxerunt
518 1779 558 1840 od
578 1780 661 1842 hunc
682 1789 805 1842 coetum
826 1787 1028 1862 conrogatum
1048 1779 1207 1862 legantur,
1227 1787 1261 1836 ut

118 1869 147 1930 si
174 1883 237 1946 qua
262 1864 343 1925 forte
368 1863 430 1925 illic
448 1880 576 1925 movere
599 1865 737 1926 caritatis
755 1873 883 1927 vestrae
902 1864 1035 1926 animum
1055 1869 1203 1943 possunt,
1231 1863 1261 1922 in

63 1984 66 1998 ·
118 1951 229 2014 codem
248 1949 401 2011 breviario
421 1965 503 2028 quae
523 1949 703 2030 diligentius
722 1951 834 2012 lirerint
860 1950 1075 2012 animadversa
1100 1949 1135 2010 in,
1150 1947 1264 2008 melius
1345 1975 1348 1980 ·

118 2038 327 2100 reformentur.
368 2035 441 2094 Hoc
455 2035 548 2095 ¹cninr
568 2035 663 2096 frater
683 2044 717 2096 et
736 2037 924 2116 espiscopus
944 2044 1051 2097 noster
1069 2033 1185 2113 primae
1204 2041 1262 2092 so·-

119 2122 189 2202 dis,
218 2121 267 2182 vir
296 2127 484 2200 perspectus
516 2120 626 2180 merito
658 2137 736 2181 suae
762 2121 927 2202 gravitatis
954 2128 1048 2200 atque
1071 2117 1262 2198 prudentiae,

119 2206 291 2284 Minucius,
318 2203 459 2266 scribens
488 2205 529 2266 ad
554 2223 656 2266 meam
684 2207 869 2286 parvitatem
895 2207 1074 2286 postulavit.
1122 2203 1159 2264 Si
1186 2221 1262 2284 ergo

118 2293 245 2372 placent
268 2307 348 2369 quae
372 2296 508 2350 tractata
532 2298 625 2370 sunt,
651 2289 796 2374 legantur
816 2299 850 2354 et
869 2291 995 2374 singula
1014 2309 1034 2353 a
1052 2297 1160 2351 vestra
1180 2289 1263 2362 oar·i·'

120 2384 188 2439 tate
205 2372 444 2438 considerentur.

204 2540 424 2608 Dilectissimis
454 2541 598 2605 iratribus
630 2549 664 2604 at
695 2543 895 2622 coepiscopis
921 2541 1111 2604 diversarum
1135 2542 1265 2620 provin-

118 2627 236 2692 ciarum
257 2626 423 2688 Numidiae
440 2636 476 2688 ct
495 2628 702 2690 Mauritaniae
721 2629 899 2708 utriusque,
929 2627 1061 2706 'l'ripolis
1082 2635 1116 2688 et
1134 2627 1263 2705 provin-

119 2714 191 2777 ciae
211 2711 439 2793 proconsularis
448 2711 482 2791 ⁴)
507 2713 664 2794 Aurelius,
685 2714 842 2774 Miconius
862 2721 894 2774 et
916 2713 1012 2774 ceteri
1032 2712 1181 2791 episcopi.

205 2797 453 2859 Ecclesiasticus
478 2799 620 2860 utilitatis
648 2798 844 2860 oausa'dum
870 2798 901 2858 in
922 2797 1163 2880 Carthaginensi
1187 2794 1266 2858 mia

120 2883 358 2948 convenerimus
372 2881 406 2959 ⁵)
427 2883 458 2942 in
479 2899 587 2962 unum,
610 2901 630 2943 a
650 2883 805 2964 plerisque
827 2891 1015 2966 suggestum
1036 2891 1101 2963 cst,
1123 2901 1162 2942 ca
1183 2899 1263 2960 quac
1364 2907 1367 2915 r

119 2972 151 3032 in
179 2967 311 3032 canello
338 2967 544 3046 Hipponiensi
567 2966 748 3047 jamdudum
772 2976 927 3032 matinata
950 2975 1040 3048 sunt,
1068 2975 1102 3028 et
1126 2966 1265 3048 legitime

120 3054 163 3117 ad
184 3051 394 3130 corrigendam
414 3051 607 3132 disciplinam
633 3054 796 3116 salubriter
821 3062 916 3136 gesta
935 3061 968 3114 et
988 3060 1107 3114 statuta
1126 3069 1265 3116 noscun-

118 3147 180 3219 tur,
202 3136 353 3200 effrenata
374 3139 548 3202 temeritate
568 3139 719 3219 quosdam
739 3139 864 3202 minime
886 3138 1049 3202 custodire.
1074 3136 1133 3202 -Ad
1154 3134 1265 3214 hujus-

120 3223 204 3288 modi
234 3241 310 3304 vero
339 3223 540 3300 excusandos
566 3242 733 3296 excessus¹
746 3220 820 3284 illud
848 3223 887 3284 ab
915 3223 1068 3302 aliquibus
1094 3219 1264 3305 praetendi,

120 3308 203 3391 quod
224 3327 277 3387 ea,
299 3325 381 3387 quae
397 3305 578 3387 jamdudum
595 3327 669 3370 cum
684 3309 808 3390 legibus
828 3316 948 3369 statuta
968 3315 1057 3386 sunt,
1083 3307 1263 3388 ignorantes
1300 3375 1304 3379 .
1405 3295 1410 3302 ’

116 3393 400 3476 praetermiserint:
430 3393 472 3454 ob
493 3411 584 3472 quam
604 3412 670 3456 rom
690 3393 770 3460 haec
791 3393 946 3456 communi
965 3392 1171 3472 consiliopar
1190 3391 1264 3452 uni-

120 3497 247 3542 versam
274 3478 464 3555 provinciam
483 3479 683 3559 Byzacenam
709 3480 741 3540 in
766 3479 905 3540 notitiam
932 3479 1057 3542 cunctis
1081 3475 1265 3542 deducenda
1325 3499 1329 3506 ¹

120 3563 320 3628 censuimus:
348 3569 383 3622 ut
404 3563 515 3624 abhinc
529 3562 563 3640 6)
585 3563 725 3643 quisquis
746 3563 939 3625 decretorum
960 3571 1126 3624 temerator
1147 3564 1264 3623 extite-

115 3641 172 3728 rit,
188 3647 270 3708 sciat
288 3661 327 3706 se
346 3653 449 3708 status
469 3648 520 3708 sui
541 3657 699 3727 operatum
720 3647 818 3710 lirisse
835 3647 995 3728 jacturam.
1032 3649 1167 3710 Brevem
1188 3655 1264 3708 ver'o

120 3740 323 3811 statutorum,
342 3730 374 3790 in
394 3749 455 3814 quo
478 3733 580 3795 omnia
598 3732 743 3793 videntur-
763 3752 837 3796 esse
858 3735 1037 3812 complexa,
1054 3741 1093 3792 et
1113 3731 1264 3811 quaedam
1307 3783 1310 3788 .

121 3816 302 3899 diligentius
328 3818 499 3878 constituta
514 3816 547 3894 ')
584 3817 657 3879 huic
689 3817 842 3896 'epistolae
876 3819 967 3879 subdi
995 3818 1126 3879 lecimus
1140 3816 1196 3896 ⁸):
1229 3825 1266 3877 ut

0 3897 4 3916 '
117 3899 306 3981 compmrdia
321 3917 409 3979 unae
429 3901 557 3964 decreta
581 3911 655 3963 sunt
680 3910 883 3964 recensentes
911 3903 1075 3966 sollicitius
1097 3903 1266 3964 sbsmvare

13 4019 17 4034 ·
122 4005 276 4052 curemus.
319 3983 471 4063 Optamus
491 4005 560 4067 vos,
583 3988 703 4069 fratres,
724 4005 848 4068 semper
867 3990 985 4051 in‘Dao
1006 3990 1086 4050 hene
1106 3989 1266 4050 valere-ct

122 4073 220 4137 nostri
233 4079 388 4131 memores
404 4091 487 4132 esse.
516 4073 559 4133 Et
571 4091 664 4134 manu
686 4075 772 4136 senis
785 4074 930 4138 Miconii:
952 4073 1103 4154 Optamus
1117 4092 1187 4153 vos,
1203 4073 1266 4133 fra-

122 4169 197 4239 tres,
217 4157 329 4218 beatos
349 4159 473 4236 semper
493 4159 524 4218 in
538 4157 670 4220 Domino
687 4158 836 4241 gaudere,
851 4168 884 4222 et
904 4160 1002 4222 nostri
1015 4174 1167 4239 memores
1185 4176 1267 4219 esse.
1315 4185 1321 4202 ι

121 4269 318 4308 ..μ-...ι

159 4347 188 4416 ¹)
213 4347 337 4398 o'stolrro
356 4385 362 4398 .
378 4387 382 4399 .
401 4346 507 4416 ficissent
532 4352 655 4402 recitatae
679 4349 760 4401 lIard.
796 4377 830 4388 -—
865 4343 911 4418 ¹²)
933 4349 1065 4416 concilium
1087 4347 1196 4412 Dionys.
1223 4344 1268 4408 (in

109 4417 115 4428 ⁴
174 4417 224 4468 'Bi
243 4417 315 4469 lioth.
335 4417 414 4486 lust.)
461 4451 494 4459 -
549 4423 578 4488 ⁸)
601 4421 641 4473 Al.
663 4421 868 4486 chrisclitooor.
921 4450 955 4461 -
1007 4419 1037 4486 t)
1061 4419 1101 4470 Al.
1119 4413 1267 4468 cunctatoris·

159 4485 189 4557 ὃ)
208 4488 248 4538 Ar.
266 4487 303 4545 ici
314 4487 537 4554 Cortdopicenaem
560 4491 647 4542 tardem
670 4490 841 4554 resumimus,
865 4491 899 4541 al.
915 4490 1101 4541 conveniremus
1107 4525 1117 4552 ,
1140 4483 1242 4538 conceal

193 4571 285 4609 acciu.
320 4585 355 4596 -
401 4556 438 4626 Ιθ)
460 4559 500 4612 Al.
524 4560 560 4612 ol.
576 4561 631 4628 lis,
657 4558 690 4614 a'l.
714 4559 742 4610 ὄπ’
762 4557 809 4612 lis.
843 4589 879 4601 ω
934 4559 962 4626 t)
985 4559 1025 4613 ΑΙ.
1048 4555 1181 4608 cutodita.
1217 4579 1221 4588 ·

160 4625 190 4694 δ)
205 4626 248 4680 dt.
266 4623 431 4683 subdidimus.
468 4657 502 4669 -
1147 4641 1151 4648 ·
