2880 5050
230 228 297 302 fl
484 223 729 297 Gssidfflll!
744 221 1018 296 retamim
1039 227 1130 296 xlv.

216 399 349 472 ‘nutis
369 405 406 464 et
430 397 514 464 nahe
539 396 1393 481 ot¹J1possonort50xuminmortalia.habeor,

229 509 277 552 ex
302 489 403 550 tltera
427 485 601 548 mortalium
628 483 812 548 conditione
838 483 1024 566 resolvitur,
1053 485 1172 551 habens
1194 485 1230 550 in
1263 494 1392 550 aeterna

229 573 407 640 divinitatis
425 571 590 634 voluntate
609 567 738 650 quod²)
759 576 944 648 susceptum
962 569 1117 634 hominem
1137 581 1312 654 sumeret,
1342 573 1391 634 ha·

229 661 313 724 hans
340 657 372 718 in
398 655 542 736 suscepti
567 653 703 718 hominis
729 655 894 716 voluntate
922 659 959 716 ut
984 655 1121 720 ironam
1146 657 1312 744 voluntas
1339 657 1389 718 deo

231 739 360 826 sqbdita
380 749 480 804 esset.
511 738 603 802 Unde
624 747 658 800 et
678 739 749 820 ipse
769 737 847 802 dicit
866 736 907 800 ad
927 747 1066 819 patrem:
1097 739 1209 818 Bater,
1232 761 1308 805 raon
1329 762 1388 804 meo
1408 811 1409 814 Ἴ

232 828 378 894 ulmam
399 824 457 890 aod
475 830 534 886 tuo
545 826 615 904 flat
625 822 670 903 ⁸),
690 823 818 888 alteram
830 822 981 886 videlieet
1001 825 1173 890 ostendeus
1188 827 1386 890 voluntatem
1408 849 1409 876 1

232 909 406 978 divinitatis
443 929 506 993 qua
541 916 715 992 susceptus
749 917 803 974 eat
835 907 955 992 homo,
992 910 1122 976 alteram
1156 911 1306 976 hominis
1336 931 1385 996 qus

232 995 440 1064 obediendum
461 1002 513 1060 eat
533 993 603 1059 deo.
1408 1049 1409 1118 l

284 1157 297 1244 ,¹
316 1207 362 1272 m
387 1205 460 1272 ideo
487 1199 662 1270 secundum
687 1115 826 1264 barunbX
822 1162 949 1266 duarum
970 1201 1177 1268 differentiam
1198 1215 1382 1291 naturarum,
1408 1179 1409 1184 ἵ

234 1293 362 1358 dnarum
389 1311 514 1376 quoqne
543 1289 794 1374 inseparabilium
822 1290 1033 1373 proprietates
1052 1291 1293 1374 praedicandae
1319 1305 1382 1360 sunt

232 1381 429 1445 voluntatum
446 1387 481 1442 et
502 1397 639 1461 operum.
1409 1385 1410 1402 ¹

787 1507 831 1570 Xe

318 1593 467 1658 seientes
493 1591 589 1674 igitur
614 1591 697 1654 hane
718 1592 818 1654 solam
839 1606 914 1652 esse
940 1587 1015 1652 lidei
1046 1587 1282 1674 confessionem
1304 1607 1378 1672 quae

233 1679 342 1744 vineat
368 1679 533 1758 internum,
559 1695 642 1759 quae
669 1685 841 1760 exsuperat
861 1675 1040 1756 Tartarum,
1067 1674 1107 1738 de
1135 1675 1197 1741 hac
1219 1677 1307 1740 euim
1326 1675 1379 1738 tide

232 1784 256 1828 a
275 1765 398 1828 damino
420 1762 538 1826 dictum
558 1771 626 1826 cst:
646 1761 766 1826 Portas
786 1761 885 1844 inseri
905 1779 969 1824 noa
984 1759 1217 1843 prenotatam
1241 1762 1381 1824 adoerm

236 1847 378 1931 acori),
405 1848 476 1912 ideo
505 1849 647 1911 omnibus
677 1849 824 1929 dicimus„
851 1847 994 1910 omnibus
1022 1847 1243 1928 inclamamus,
1271 1855 1310 1908 ut
1330 1866 1380 1910 ca-

235 1953 370 2000 veamus
389 1933 617 1996 haereticorum
644 1934 853 2014 muscipulas,
879 1929 1069 2012 effugiamus
1089 1930 1249 2013 dogmatis
1271 1950 1383 1996 cance-

235 2021 299 2082 rosi
319 2038 463 2100 venena,
490 2019 597 2080 verbis
618 2019 678 2080 illis
700 2019 813 2100 quibus
834 2017 1027 2096 dispensatio
1048 2017 1252 2078 humanitatis
1274 2017 1384 2081 Christi

172 2179 175 2186 1
235 2103 420 2184 adstruitur,
448 2121 510 2164 non
531 2103 621 2166 nohis
642 2104 777 2166 inanium
798 2102 1016 2184 quaestionum
1038 2101 1196 2165 tendicula
1215 2105 1384 2184 praepare-

234 2207 329 2268 mus,
358 2188 471 2268 quibus
504 2185 606 2250 inanis
641 2188 759 2270 gloriae
787 2187 892 2269 cupidi
919 2186 1077 2250 discutere
1103 2187 1278 2252 audeamus
1310 2207 1382 2270 quac
1411 2213 1412 2266 p

234 2291 357 2338 summa
385 2280 467 2334 sunt.
518 2273 634 2354 Neque
654 2274 736 2336 enim
757 2293 838 2356 quae
860 2280 935 2336 sunt
956 2273 1061 2335 divina
1081 2271 1282 2336 discutienda
1305 2283 1382 2356 sunt,
1411 2273 1412 2292 ³

236 2359 295 2422 sed
321 2357 499 2440 credenda3
528 2377 591 2420 non
619 2359 758 2421 enimse
780 2359 860 2421 deus
882 2359 1040 2420 discutere
1058 2356 1148 2437 jubet
1168 2357 1226 2420 sed
1248 2360 1384 2422 credere.

233 2442 409 2510 Credamus
423 2463 500 2526 ergo
515 2463 578 2506 non
598 2445 743 2507 sensibus
764 2445 880 2508 nostris
901 2442 961 2506 sed
981 2442 1163 2507 indubitatis
1183 2445 1383 2508 conciliorum

233 2533 406 2614 priscorum
437 2529 636 2612 dogmatibus
661 2527 727 2610 jam
757 2529 949 2610 praemissis.
1013 2527 1049 2591 si
1085 2529 1155 2609 quis
1180 2529 1277 2610 igitur
1305 2533 1384 2594 Jesu

235 2617 362 2682 Christo
392 2609 444 2676 dei
469 2615 532 2676 lilio
559 2634 601 2676 ex
621 2623 712 2676 utero
732 2616 854 2676 Mariae
874 2614 1006 2695 virginis
1027 2622 1102 2676 nato
1122 2613 1237 2694 aliquid
1260 2625 1318 2678 aut
1340 2618 1386 2678 di-

233 2703 377 2764 vinitatis
402 2701 569 2780 imminuit,
598 2708 654 2762 aut
681 2699 721 2762 de
748 2709 900 2782 suscepta
920 2701 1112 2762 humanitate
1132 2698 1298 2780 subducit,
1329 2722 1386 2764 ex·

233 2795 332 2868 cepta
352 2782 515 2868 sola'lege
536 2785 672 2865 peccati,
694 2793 728 2846 et
747 2805 810 2848 non
831 2805 903 2846 eum
923 2803 1033 2846 verum
1055 2781 1149 2850 deum
1166 2785 1386 2868 hominemque

233 2871 409 3020 uffitupp
428 2871 460 2934 in
480 2890 544 2932 una
563 2889 699 2952 persona
712 2870 940 2966 subsistentem
954 2870 1166 2936 sincerissime
1179 2869 1291 2953 credit,
1308 2891 1386 2934 ana-

232 2966 248 3020 t
361 2975 413 3019 ει.
1270 2998 1274 3002 -

780 3081 828 3144 XI

320 3167 378 3230 llla
405 3165 502 3249 igitur
528 3165 728 3250 apologetica
748 3165 941 3229 defensionis
961 3173 1087 3228 nostrae
1109 3183 1277 3248 responsa,
1305 3187 1385 3250 qnae

234 3253 275 3316 ob
291 3251 421 3316 istorum
436 3250 699 3314 confirmationem
715 3261 789 3315 sunt
810 3253 896 3315 edita
916 3271 972 3334 pro
994 3252 1160 3314 multorum
1181 3253 1386 3316 instructione

235 3347 270 3402 et
297 3341 437 3406 utilitate,
462 3337 702 3400 ecclesiasticae
729 3338 930 3420 disciplinae,
959 3333 1051 3399 simili
1080 3337 1206 3399 honoris
1235 3345 1270 3400 et
1290 3359 1386 3401 reve·

234 3425 353 3488 rentiae
373 3424 485 3506 vigore
514 3421 686 3505 firmana,
714 3433 810 3506 atque
837 3423 878 3487 ad
898 3423 1002 3486 vicem
1030 3419 1237 3486 decretalium
1262 3425 1386 3506 episto-

158 3545 165 3556 *
233 3509 332 3572 larum
352 3527 398 3572 ea·
412 3507 622 3590 permanendo
642 3511 811 3572 sancimus.
1126 3507 1129 3526 '

317 3721 440 3784 Dentes
467 3721 499 3782 in
524 3720 575 3782 his
603 3719 733 3804 gloriam
760 3719 901 3784 solideo
921 3709 1126 3799 omnipotenti
1144 3719 1278 3785 vivom
1300 3737 1385 3800 vero,

233 3807 267 3868 in
282 3807 421 3870 trinitate
442 3806 598 3889 regnanti,
617 3806 701 3888 patri
722 3815 756 3868 et
776 3806 838 3868 filio
861 3811 894 3866 et
913 3803 1033 3883 spiritui
1054 3813 1176 3885 saneto,
1197 3801 1291 3884 cujus
1307 3805 1387 3868 dono

235 3893 352 3954 mutuis
378 3893 578 3972 praesentiae
605 3888 833 3972 repraesentati
861 3887 1065 3968 adspectibus
1087 3899 1121 3952 et
1140 3890 1286 3957 fraternis
1309 3892 1389 3954 visi·

235 3977 296 4040 bus
316 3975 431 4038 hilares
453 3985 648 4038 stratorum
668 3977 872 4056 spiritualium
893 3972 1062 4038 effectibus
1080 3993 1190 4040 sumus
1207 3974 1389 4055 opulentius

218 4061 402 4142 ,efficacem
428 4060 520 4141 cujus
544 4061 663 4142 gloriae
683 4061 926 4124 immensitatem
946 4061 1165 4142 exposcimus,
1191 4068 1227 4122 ut
1247 4059 1389 4142 glorioso

234 4145 367 4228 principi
386 4155 494 4210 nostro
515 4146 646 4229 Ervigio
666 4147 754 4228 regi,
782 4145 843 4208 sub
864 4143 954 4226 eujus
975 4163 1056 4224 pace
1076 4149 1146 4228 pax»
1160 4153 1310 4228 servatur
1332 4167 1390 4212 eo·

220 4231 370 4310 'demam
399 4230 540 4294 llorentis
567 4231 657 4314 regni
686 4231 888 4294 diuturnitate
908 4231 1065 4310 temporis
1093 4231 1200 4312 spatia
1220 4233 1391 4314 praebeat,

235 4335 298 4401 quo
317 4324 392 4398 post
413 4315 499 4380 haec
525 4315 705 4400 praesentia
726 4316 767 4380 ad
787 4333 918 4402 regnum
937 4316 1061 4380 futurae
1081 4317 1202 4400 gloriae
1221 4315 1390 4382 nobiscum

270 4491 500 4604 damen.
545 4491 581 4574 -ζ
618 4503 736 4605 'orem
757 4498 802 4590 ar
841 4563 877 4582 -
929 4490 1267 4604 struemm'L-ss'

263 4604 529 4674 ori-esrem
564 4631 599 4646 -
783 4641 788 4654 .
941 4639 965 4649 .,
1139 4651 1143 4658 .
