2880 5050
234 257 298 322 :tro
504 243 746 322 concurrunt
766 252 1036 322 amuranus
1056 257 1110 323 xr.

236 427 393 495 dicatione
414 427 584 492 concordet
605 428 734 492 dicens:
760 423 834 493 Non
856 429 982 492 occidat
1002 427 1052 491 sol
1069 447 1162 512 siper
1182 428 1413 491 hacnndfom

238 521 376 577 vestram
404 524 436 576 et
464 517 564 577 nolite
593 513 693 577 lomim
721 514 799 577 dore
829 514 955 576 diodoto
968 514 1024 594 ¹),·
1053 517 1171 577 relatae
1196 524 1280 576 sunt
1311 518 1410 578 nobis

143 630 146 638 ·
238 599 438 684 quorumdam
459 599 658 664 sacerdotum
684 619 838 681 personae
858 603 889 662 in
909 609 1031 664 tantum
1051 601 1277 663 obstinationis
1302 601 1409 663 effer-

237 687 348 747 vuisse
370 686 571 767 discordiam,
592 695 627 747 ut
647 705 710 748 non
730 687 831 750 solum
852 687 921 748 illos
942 687 981 748 ab
1005 687 1050 746 ira
1071 703 1207 748 occasus
1226 685 1321 748 solis
1345 707 1405 748 non

238 779 384 854 revocet,
408 771 466 833 sed
486 791 526 834 ne
541 770 575 850 2)
598 791 717 834 annosa
738 772 862 854 quidem
882 773 1050 834 transactio
1071 780 1247 853 temporum
1274 772 1322 834 arl
1347 775 1404 834 bo·
1425 783 1426 786 ’

238 875 312 920 num
335 857 475 920 caritatis
495 858 635 940 reclinet,
656 859 771 940 quippe
791 859 823 918 in
845 875 971 939 quorum
991 857 1137 920 cordibus
1157 858 1204 920 ita
1220 858 1281 920 sol
1300 857 1402 938 justi·

238 944 303 1005 tiae
325 943 468 1006 Christus
490 945 645 1023 occubuit,
665 951 701 1005 ut
721 942 762 1004 ad
782 943 886 1004 lumen
907 943 1045 1005 caritatis
1065 943 1165 1006 redire
1181 943 1240 1004 vix
1258 947 1398 1024 possint

237 1029 356 1091 Horum
375 1030 471 1112 igitur
493 1037 525 1091 et
545 1030 688 1092 similium
710 1027 950 1090 discordantium
966 1029 1092 1090 fratrum
1108 1029 1293 1092 oblationes
1306 1029 1396 1110 juxta

238 1115 358 1195 antiqui
388 1115 517 1178 canonis
548 1114 757 1178 definitionem
776 1113 810 1192 8)
844 1115 929 1175 nullo
959 1113 1051 1176 modo
1080 1113 1288 1194 recipiendas
1324 1133 1394 1178 esse

235 1205 421 1262 censemus:
451 1199 491 1261 de
518 1201 660 1281 personis
682 1208 785 1261 tamen
807 1198 1049 1262 discordantium
1060 1197 1096 1279 ⁴)
1120 1199 1153 1261 id
1175 1201 1317 1280 speciali
1340 1202 1394 1264 de-

237 1283 377 1348 linitione
402 1287 627 1368 praecipimus,
655 1293 691 1347 ut
720 1291 886 1365 antequam
913 1303 971 1348 eos
998 1285 1210 1347 reconciliatio
1232 1303 1318 1348 vera
1345 1289 1391 1348 in-

237 1379 363 1452 nectat,
392 1372 494 1434 nullus
508 1371 540 1450 ὃ)
570 1387 675 1432 eorum
694 1370 855 1450 accedere
883 1369 923 1433 ad
943 1371 1042 1432 altaro
1060 1370 1175 1432 domini
1191 1371 1319 1433 audeat
1341 1373 1389 1434 vel

237 1457 370 1540 gratiam
392 1457 615 1518 communionis
636 1465 767 1520 sanctae
787 1455 955 1537 percipiat,
985 1455 1044 1518 sed
1065 1456 1227 1538 geminato
1247 1466 1383 1536 tempore

234 1561 293 1624 per
319 1542 541 1622 poenitentiam
571 1542 818 1622 compensabunt
848 1559 909 1621 quo
927 1541 962 1620 ο)
997 1540 1172 1603 discordiae
1201 1543 1384 1602 servierunt.

237 1624 329 1704 Quod
355 1629 383 1690 si
412 1647 493 1689 unus
521 1645 627 1689 eorum
650 1627 709 1689 alio
731 1635 951 1690 contemnente
973 1626 1012 1688 ad
1033 1626 1285 1688 satisfactionem
1308 1628 1386 1689 eari-

235 1714 313 1774 tatis
344 1713 531 1796 cucurrerit,
563 1733 604 1775 ex
632 1731 670 1774 eo
696 1721 835 1793 tempore
862 1721 896 1776 ut
925 1711 1078 1793 pacificus
1106 1713 1186 1774 intra
1215 1714 1386 1775 ecclesiam

235 1799 403 1880 recipiatur
415 1797 457 1879 ⁷),
472 1819 513 1860 ex
535 1817 595 1879 quo
618 1798 658 1860 ad
680 1799 876 1862 concordiam
897 1800 1067 1860 festinasse
1081 1798 1297 1879 convincitur,
1315 1817 1385 1860 sen·

235 1885 335 1946 tentia
349 1893 453 1946 tamen
470 1885 619 1964 superiori
631 1895 766 1965 servata,
783 1892 819 1945 ut
834 1893 969 1966 tempus,
981 1883 1063 1965 quod
1074 1885 1207 1964 quisque
1221 1885 1256 1944 in
1272 1886 1384 1966 iram⁸J

235 1969 402 2051 expendit,
424 1971 614 2052 geminatum
636 1971 666 2030 in
686 1971 898 2050 poenitentiae
918 1970 1135 2032 satisfactione
1155 1970 1331 2050 persolvat

791 2069 823 2131 V

317 2153 421 2214 Nullis
447 2154 513 2214 vita
540 2154 716 2234 praesulum
744 2155 914 2234 perturbari
941 2155 1035 2218 debet
1062 2153 1250 2217 excessibus
1271 2157 1382 2218 motio-

233 2253 323 2318 num,
344 2239 416 2318 quia
439 2237 532 2300 valde
554 2239 713 2322 indignum
735 2248 800 2319 est,
822 2249 858 2302 ut
880 2241 932 2320 qui
952 2242 1080 2302 thronus
1092 2239 1126 2320 ο)
1148 2240 1200 2302 dei
1219 2249 1375 2321 vocantur,

233 2319 297 2382 levi
318 2325 454 2386 motione
477 2326 653 2406 turbentur,
682 2333 716 2386 et
737 2327 789 2408 qui
810 2325 927 2388 debent
948 2345 1022 2388 esse
1045 2344 1117 2388 arca
1133 2324 1287 2408 justitiae,
1313 2326 1374 2406 ipsi

233 2406 406 2470 efficiantur
434 2412 631 2472 seminarium
658 2411 721 2471 litis
747 2420 843 2493 atque
874 2411 1009 2492 rapinae.
1070 2409 1203 2489 Quando
1221 2409 1274 2490 ιο)
1301 2431 1375 2495 ergo

232 2492 408 2573 hujusmodi
438 2495 530 2576 juxta
566 2497 742 2576 apostolum
772 2498 1058 2578 irreprehensibiles
1088 2505 1199 2576 erunt,
1237 2497 1290 2578 qui
1319 2517 1377 2558 non

231 2581 333 2642 solum
350 2583 601 2660 reprehensibilia
621 2583 748 2662 faciunt,
769 2583 827 2644 sed
849 2583 1006 2644 mortifera
1025 2583 1131 2664 potius
1151 2589 1185 2642 et
1206 2583 1378 2645 execranda

224 2661 461 2728 committunt?
503 2667 608 2728 Relati
637 2667 718 2728 enirn
741 2671 829 2730 nobis
851 2677 925 2730 sunt
947 2667 1069 2750 quidam
1092 2687 1133 2728 ex
1154 2667 1377 2750 sacerdotibus,

232 2749 315 2830 quod
331 2753 412 2812 omni
429 2753 587 2834 gravitate
608 2752 812 2814 sacerdotalis
828 2754 942 2814 ordinis
957 2755 1178 2834 praetenuissa
1192 2751 1378 2816 audientiam

226 2831 336 2916 judicii
355 2837 457 2898 furore
478 2837 691 2918 praeveniant,
707 2845 739 2898 et
755 2857 891 2900 excessu
912 2839 1009 2900 solius
1030 2839 1215 2899 inhonestae
1236 2841 1378 2902 motionis

232 2919 393 3003 adire11),
415 2939 470 3002 pro
487 2923 600 3002 quibus
616 2941 672 2982 eos
693 2931 872 3002 oportuerat
893 2925 1060 3004 aequitatis
1076 2923 1196 3003 judicia
1213 2926 1378 2987 sustinere.

229 3005 312 3067 Dum
334 3009 416 3070 enim
437 3006 477 3070 de
499 3007 627 3072 ‚honoris
652 3007 712 3067 sibi
731 3008 785 3086 12)
814 3010 946 3072 culmine
975 3008 1170 3070 blandiuntur
1191 3011 1376 3088 patientiam

230 3091 346 3152 habere
368 3093 493 3173 fugiunt
509 3091 562 3169 13)
569 3136 579 3171 ,
610 3097 642 3150 et
664 3091 718 3172 qui
736 3092 925 3155 inconcusse
945 3093 1116 3156 debuerant
1135 3095 1280 3157 veritatis
1303 3116 1378 3158 con·

229 3194 358 3238 servare
386 3185 519 3257 statum,
548 3177 651 3238 snhito
678 3175 837 3258 religionis
862 3187 982 3240 mutant
1007 3179 1199 3262 propositum
1223 3187 1263 3240 et
1286 3201 1377 3262 prae-

221 3263 317 3343 ‘oipiti
344 3263 445 3324 furore
469 3261 621 3343 judicium
648 3262 859 3344 antecedunt,
887 3266 997 3345 sicque
1016 3265 1130 3346 inquo
1153 3264 1303 3328 decuerat
1323 3286 1377 3330 eos

225 3346 334 3428 judicii
353 3347 520 3410 'sustinere
548 3356 736 3410 conventum
762 3351 968 3428 praevasione
988 3349 1042 3430 Η)
1072 3357 1193 3432 agunt,
1221 3347 1305 3422 unde
1326 3352 1374 3430 15)

223 3435 534 3514 praesumptionibus
561 3433 796 3496 confundantur.
836 3432 899 3511 Qui
927 3443 1033 3496 tamen
1059 3443 1113 3496 aut
1134 3433 1244 3506 damno
1257 3438 1376 3516 pariter

221 3518 264 3578 Lct
285 3519 606 3582 excommunicatione
626 3519 785 3598 plectendi
807 3529 894 3601 sunt,
924 3527 978 3582 aut
999 3521 1123 3581 omissis
1144 3523 1374 3602 compositioni-

220 3603 288 3677 bus
308 3622 409 3674 remm
431 3604 498 3664 sola
519 3603 735 3666 satisfactione
748 3607 969 3684 'poenitentiae
992 3605 1196 3690 curabuntur,
1212 3603 1265 3666 'illi
1286 3609 1371 3686 enim,

231 3689 284 3770 qui
316 3689 361 3750 rei
392 3690 532 3770 propriae
565 3689 715 3750 facultate
748 3688 866 3750 suffulti
899 3699 988 3774 sunt,
1022 3699 1076 3752 aut
1109 3691 1161 3773 qui
1192 3707 1258 3752 rem
1286 3709 1370 3752 suam

220 3773 293 3854 jam
315 3782 409 3836 antea
434 3775 465 3835 in
492 3774 615 3834 nomine
638 3773 820 3854 ecclesiae,
838 3775 889 3837 cui
914 3785 1078 3858 praesunt,
1107 3773 1367 3850 transfudissefl)

228 3867 421 3937 noscuntur,
452 3860 480 3922 si
495 3859 548 3939 Η)
576 3868 630 3922 aut
657 3879 714 3940 per
734 3877 774 3922 se
796 3868 850 3922 aut
870 3879 927 3940 per
947 3861 1089 3924 subditos
1111 3863 1176 3922 seu'
1190 3879 1247 3942 per
1266 3876 1367 3942 quern-

227 4001 425 4016 m

265 4071 549 4141 ¹)pr.4,26.27.
589 4105 625 4118 -
648 4077 814 4158 flmm·
849 4103 890 4155 ¹·-
937 4073 1268 4148 sslCoamssartbagall'.
1289 4077 1370 4133 aaa

297 4142 369 4211 (pag.
388 4144 460 4212 149).
500 4175 535 4186 -
571 4149 608 4215 ,4)
627 4145 830 4222 ‹lrsrrordoutrbus
847 4161 875 4198 ro
893 4161 927 4198 nr.
944 4143 993 4221 Μ.Ι
1023 4177 1068 4220 77
1106 4147 1133 4215 5)
1152 4154 1180 4203 ut
1199 4163 1241 4210 coa
1258 4155 1315 4198 onte
1332 4164 1371 4200 ra-

298 4213 443 4268 conciliatio
460 4232 532 4268 uarro
552 4216 678 4276 irruerint,
703 4217 862 4305 praemeritus
879 4215 907 4266 in
925 4231 959 4266 m.
977 4215 1013 4266 Μ.
1058 4244 1093 4254 —-
1142 4215 1172 4283 θ)
1185 4217 1255 4300 Ι(μιιξά
1270 4217 1305 4269 Μ.
1338 4247 1372 4258 -

263 4284 293 4422 a
310 4283 675 4433 :rihtest
691 4287 803 4422 lat·
816 4287 853 4407 l:
872 4285 1024 4434 att}
1046 4285 1371 4418 aitte-hh:

295 4423 393 4506 l'l'rup.
412 4425 485 4502 3,·2.
521 4451 556 4516 ᾗ·
590 4425 746 4534 ῑῐζαιιαίνξ
762 4423 799 4476 Μ.
813 4423 1109 4546 Jp'mumssss‘um
1125 4425 1278 4548 riedirieppb
1290 4425 1370 4494 adire]

244 4493 606 4626 ur'fttlhfdtdh.
641 4592 675 4603 -
709 4495 859 4630 &tlh
876 4516 961 4615 «sih.
996 4494 1051 4604 J
1073 4497 1370 4629 altman.

294 4631 327 4682 T.
345 4633 385 4694 2.,
412 4633 490 4684 etot.
537 4659 571 4670 -
627 4631 876 4697 rodomum.
910 4625 945 4673 4-
1165 4669 1167 4679 ‚
