2880 5050
321 255 857 354 coscnmuronumrrmr
871 257 961 328 xvr.
1158 255 1226 332 aas

57 431 229 523 pmspioui
248 433 424 514 ,mensatim
449 429 507 496 sed
529 438 563 496 et
584 427 722 496 aeterrris
741 428 887 513 praemis
907 427 939 494 in
960 435 1146 513 perpetuum
1162 427 1225 494 llo-

62 525 188 608 reatis3
215 519 289 604 quia
309 528 385 582 tunc
405 537 457 580 me
479 536 499 580 a
520 516 643 580 domino
664 535 736 580 cum
756 517 849 597 plebe
869 515 944 580 mibi
962 514 1082 586 credita
1103 535 1123 578 a
1143 534 1226 596 pec-

61 608 155 674 catis
182 605 245 670 elui
273 603 389 684 oredo,
417 621 489 667 cum
513 600 670 664 discussio
694 599 806 681 judicii
825 601 926 664 vestri
951 601 982 664 iu
1009 598 1226 667 emminmdb

65 692 181 758 causis
201 689 274 754 talis
294 684 516 770 praecesserit,
532 705 614 768 quae
633 685 666 748 in
686 686 769 748 nullo
791 687 914 749 tramite
926 686 1071 750 veritatis
1093 686 1225 750 oberret.

64 783 146 844 Hoc
166 778 266 841 solum
283 793 354 855 vos,
374 772 571 834 honorabiles
587 767 639 842 dei
659 770 853 850 sacerdotes,
874 779 1069 853 cunctosque
1086 768 1233 835 illustres

65 865 165 930 aulae
189 858 298 944 regiae
327 858 484 937 seniores,
512 875 592 938 quos
610 857 642 918 in
662 855 725 918 hoc
746 856 878 918 concilio
898 863 1026 920 nostrae
1045 855 1226 921 serenitatis

63 947 253 1032 praeceptio
274 943 328 1005 vel
348 949 522 1022 opportuna
541 943 696 1004 interesse
716 939 792 1006 fecit
812 941 961 1023 occasio,
984 960 1041 1022 per
1060 942 1226 1020 insepara-

66 1033 168 1098 bilem
194 1025 415 1110 omnipotentis
442 1021 494 1088 dei
513 1026 685 1106 potentiam
705 1023 900 1106 adjuramus,
929 1027 1003 1106 quia
1021 1023 1054 1094 in
1074 1026 1226 1107 praefatis
1296 1049 1300 1060 ·

69 1115 254 1182 dirimendis
278 1111 434 1196 negotiis,
457 1129 544 1192 quae
571 1129 608 1172 se
635 1117 742 1172 vestro
768 1112 874 1174 coetui
900 1109 1057 1174 audienda
1083 1107 1226 1174 emersess

68 1206 136 1266 rint
151 1201 206 1282 ¹),
241 1198 324 1260 nulla
357 1213 558 1278 personarum
588 1181 643 1256 vel
675 1195 812 1260 muneris
843 1198 989 1276 acceptio
1024 1196 1226 1276 intercurrat,

69 1287 179 1351 nullus
204 1303 241 1348 se
268 1283 357 1345 favor
385 1278 568 1360 interserat,
601 1278 777 1360 nulliusque
807 1281 981 1362 tepiditatis
1006 1281 1124 1344 incuria
1150 1298 1227 1362 pro·

71 1373 215 1454 mulgere
233 1366 405 1450 justitiam,
425 1384 507 1447 quae
530 1363 610 1426 deus
631 1371 699 1444 est,
720 1365 898 1447 obstrepat,
926 1366 1081 1447 sedpuro
1103 1365 1227 1429 exami-

68 1454 209 1522 nationis
244 1448 404 1515 libramine
438 1467 604 1513 causarum
633 1445 739 1532 jurgia
768 1451 970 1514 terminantes
998 1459 1032 1513 et
1056 1449 1145 1532 justa
1173 1449 1227 1513 dei

66 1541 189 1626 judicia
207 1537 301 1600 vohis
321 1555 396 1620 prae
417 1535 518 1597 oculis
538 1543 751 1616 apponentes,
778 1536 944 1618 unicuique
971 1536 1053 1618 parti
1078 1536 1227 1616 aequita-

68 1638 142 1692 tem
158 1622 294 1706 pandere
314 1621 506 1703 procuretis,
527 1629 683 1702 quatenus
704 1639 745 1680 ex
766 1619 828 1683 hoc
847 1629 975 1684 nostrae
995 1615 1227 1683 mansuetudini

72 1709 268 1794 praestolata
289 1703 388 1768 adeo
410 1703 565 1768 mercedis
591 1705 728 1785 praemia
753 1707 958 1788 conquiratis,
986 1715 1022 1769 et
1047 1701 1227 1769 rectitudini

72 1797 176 1859 vestri
198 1789 308 1874 judicii
332 1809 436 1854 coram
462 1791 553 1852 nobis
578 1787 774 1852 honorabiles
801 1789 888 1874 sitis,
917 1800 1111 1874 atque'ante
1132 1790 1227 1854 deum
1326 1826 1331 1846 ι

73 1899 203 1962 semper
222 1879 369 1940 bonorum
391 1894 517 1956 operum
538 1875 641 1957 gratia
658 1875 812 1956 polleatis.

159 1966 277 2027 Datum
292 1961 350 2024 sub
367 1957 417 2023 die
433 1959 567 2040 septimo
582 1958 741 2022 Calendas
756 1957 861 2042 lllajas
881 1977 963 2023 anno
984 1957 1116 2024 feliciter
1132 1966 1227 2024 sexto

74 2049 166 2136 regni
185 2045 433 2114 mansuetudinis
452 2047 597 2130 nostrae,
618 2045 740 2107 Toleto.

161 2217 317 2280 Reserate
344 2215 439 2302 igitur
465 2223 569 2298 tomo,
597 2223 630 2279 et
656 2229 819 2298 quaequae
841 2211 910 2296 ejus
931 2212 1031 2280 series
1050 2213 1229 2278 retentabat

78 2301 221 2385 diligenti
240 2301 427 2386 indagine2)
442 2303 677 2384 perlustrantes,
698 2299 841 2362 immensi
860 2301 942 2362 mole
963 2300 1070 2383 gaudii
1089 2299 1228 2364 cordium
1335 2308 1337 2312 ’

77 2397 253 2451 nostrorum
273 2397 388 2449 arcana
408 2395 604 2450 exaestuant.
651 2382 785 2447 Proinde
805 2383 1043 2448 ferventioribus
1063 2385 1175 2448 animis
1194 2385 1229 2448 in

77 2471 204 2534 laudem
224 2468 276 2534 dei
296 2473 393 2534 nostri
413 2472 595 2556 hymnorum
614 2470 690 2532 libet
710 2471 834 2534 cantica
851 2469 1048 2550 roborarel),
1071 2470 1154 2550 quod
1173 2489 1229 2532 re-

78 2553 272 2640 ligiosissimi
298 2565 331 2620 et
361 2557 523 2619 orthodoxi
549 2555 695 2636 principis
723 2555 822 2617 nostri
848 2555 986 2616 intimum
1004 2555 1040 2633 ⁴)
1077 2556 1151 2638 igne
1177 2549 1229 2616 sui

79 2643 193 2705 amoris
219 2643 264 2703 ita
290 2641 455 2704 reddiderit
482 2639 659 2721 semidum,
691 2649 727 2702 ut
754 2637 852 2702 totius
877 2648 1004 2704 nostrae
1031 2635 1229 2702 adunationis

79 2724 245 2810 collegium
270 2723 519 2808 prudentissimis
546 2743 591 2799 ac.
613 2723 800 2788 salutaribus
826 2721 877 2787 sui
903 2723 965 2788 oris
986 2723 1133 2788 affatibus
1155 2743 1230 2788 cre-

79 2811 190 2876 diderit
218 2811 464 2892 exhortandum,
497 2811 689 2894 perbenigne
717 2829 777 2872 nos
806 2809 976 2872 admonens
1003 2819 1040 2874 ut
1068 2810 1229 2896 dignorum

78 2897 310 2977 speculatorum
336 2915 422 2958 more
451 2893 608 2959 ecclesiae
635 2895 686 2958 dei
714 2914 846 2977 navem,
875 2915 967 2977 quam
994 2891 1229 2977 dispensationd

80 2999 216 3062 superna
241 2981 273 3042 in
299 2977 385 3042 vasti
410 2977 502 3058 hujus
529 2981 605 3042 salis
632 2981 808 3064 gurgitibus
828 2981 1061 3063 gubernandam
1082 2980 1231 3060 suscepi&

80 3083 175 3145 mus,
212 3061 393 3127 salutarium
432 3063 627 3145 remigiorum
662 3065 882 3150 gubernaculis
916 3066 957 3128 ad
994 3074 1230 3128 consummatae

80 3149 194 3212 salutis
221 3157 344 3230 portum
370 3149 555 3211 ineolumem
581 3149 806 3232 perducamus,
833 3159 867 3212 et
895 3151 927 3212 in
954 3150 1137 3226 defensione
1159 3149 1230 3230 ejus

81 3231 268 3316 quotidianis
289 3235 552 3296 lucubrationibus
573 3253 698 3315 operam
719 3235 847 3314 demus,
873 3237 1044 3318 vigilantes
1064 3245 1097 3297 et
1117 3243 1231 3300 custo-

81 3319 205 3380 dientes
225 3319 351 3402 vigilias
372 3320 476 3380 noctis
497 3338 593 3400 super
612 3320 702 3380 nobis
724 3317 859 3380 creditos
880 3337 1012 3402 greges:
1039 3321 1085 3382 ita
1105 3313 1230 3402 nempe,

80 3411 115 3465 ut
133 3403 297 3466 verborum
326 3399 528 3486 spiritualium
556 3402 815 3484 concrepantibus
843 3403 929 3467 tubis
955 3413 989 3466 et
1015 3405 1102 3488 sanis
1127 3421 1231 3466 mem-⁶

80 3485 201 3550 brorum
228 3487 463 3571 compaginibus
477 3488 511 3566 ⁵)
538 3507 579 3549 ne
593 3487 628 3566 θ)
656 3483 835 3552 securitatis
862 3497 985 3571 torpore
1006 3487 1158 3570 depressa
1179 3488 1232 3552 ‹li-a

82 3589 243 3634 versorum
270 3573 420 3654 lapsuum
455 3570 591 3635 incurrat
604 3571 639 3650 r)
671 3571 834 3654 decipula,
860 3573 1010 3636 salutaria
1035 3572 1104 3636 sine
1131 3571 1231 3636 inter-3

82 3653 231 3718 missione
260 3655 470 3734 ministremus
502 3655 668 3718 munimina
680 3703 690 3738 ,
725 3667 759 3720 et
786 3654 914 3722 infirmis
939 3659 1068 3722 artubus
1096 3655 1231 3720 diversis

81 3747 190 3822 utpote
220 3743 474 3824 aegrimoniorum
494 3741 673 3802 vulneribus
694 3740 846 3804 sauciatis
866 3761 1005 3830 congrua
1024 3741 1232 3805 medicamina

82 3843 272 3908 apponamus
278 3872 288 3906 ,
318 3846 380 3908 quo
407 3822 529 3890 facilius
556 3834 672 3906 queant
699 3836 733 3888 et
753 3835 922 3890 veternosa
947 3830 1053 3891 ulcera
1079 3825 1231 3891 radicitus

82 3909 174 3972 evelli
195 3918 229 3972 et
248 3909 387 3974 remedia
407 3918 577 3992 exoptatae
598 3907 710 3973 salutis
732 3907 883 3974 nancisci.
915 3912 961 3974 At
979 3929 1063 3975 nunc
1084 3914 1232 3994 quoniam

80 3993 121 4057 ad
152 3995 233 4058 haec
265 3995 422 4078 implenda
454 3995 571 4057 nullum
605 4003 781 4060 nostrorum
812 3991 882 4057 sine
915 3995 1094 4080 adjumento
1128 3999 1232 4060 omni-

79 4077 318 4162 potentissimae
349 4079 495 4144 trinitatis
522 4079 677 4142 cemimus
702 4099 777 4144 esse
804 4079 968 4165 idoneum,
1001 4083 1072 4146 ideo
1101 4083 1232 4164 conspi-

79 4181 172 4227 cuum
192 4161 271 4227 satis
292 4175 327 4228 et
346 4161 559 4228 necessarium
580 4165 810 4246 perpendimus,
831 4173 867 4227 ut
887 4167 959 4248 quia
980 4167 1073 4231 corde
1090 4165 1255 4230 creditai‘
1298 4209 1303 4228 .

80 4248 129 4316 ad
142 4250 328 4334 justitiam,
355 4253 420 4314 on'r
449 4255 557 4313 omero
584 4252 740 4331 consessio
759 4254 808 4332 stt
833 4251 879 4314 ad
903 4251 1116 4336 relidere-⁸),
1130 4249 1232 4334 ipsius

116 4441 390 4548 limatensem!
419 4513 455 4524 -
493 4471 772 4551 'alteralitatem
814 4513 850 4532 ...
903 4471 1112 4557 quemn,
1144 4513 1196 4538 ...,

113 4549 386 4688 t
430 4553 786 4690 armoque
812 4556 892 4618 r·
932 4584 969 4598 ··
1014 4556 1232 4625 orr-

339 4657 346 4673 ·
390 4649 424 4662 ’“
588 4660 595 4676 ·
656 4662 665 4690 p
720 4663 726 4676 ι
760 4654 794 4677 Ψ·
1005 4675 1010 4685 ,
1076 4664 1097 4681 ,.
