<?xml version="1.0" encoding="UTF-8"?>
<!DOCTYPE html PUBLIC "-//W3C//DTD XHTML 1.0 Transitional//EN"
    "http://www.w3.org/TR/xhtml1/DTD/xhtml1-transitional.dtd">
<html xmlns="http://www.w3.org/1999/xhtml" xml:lang="en" lang="en">
 <head>
  <title>
</title>
<meta http-equiv="Content-Type" content="text/html;charset=utf-8" />
  <meta name='ocr-system' content='tesseract 3.04.00' />
  <meta name='ocr-capabilities' content='ocr_page ocr_carea ocr_par ocr_line ocrx_word'/>
</head>
<body>
  <div class='ocr_page' id='page_1' title='image "./canonesapostolo00brungoog/canonesapostolo00brungoog_0288.png"; bbox 0 0 2912 5060; ppageno 0'>
   <div class='ocr_carea' id='block_1_1' title="bbox 362 261 1256 334">
    <p class='ocr_par' dir='ltr' id='par_1_1' title="bbox 362 261 1256 334">
     <span class='ocr_line' id='line_1_1' title="bbox 362 261 1256 334; baseline 0.001 -2"><span class='ocrx_word' id='word_1_1' title='bbox 362 261 605 332; x_wconf 76' lang='lat' dir='ltr'><strong>canentum</strong></span> <span class='ocrx_word' id='word_1_2' title='bbox 625 261 896 330; x_wconf 71' lang='lat' dir='ltr'><strong>&#39;lemannum</strong></span> <span class='ocrx_word' id='word_1_3' title='bbox 907 263 991 331; x_wconf 80' lang='lat' dir='ltr'><strong>Vnt</strong></span> <span class='ocrx_word' id='word_1_4' title='bbox 1190 264 1256 334; x_wconf 69' lang='lat'><strong>²75</strong></span> 
     </span>
    </p>
   </div>
   <div class='ocr_carea' id='block_1_2' title="bbox 11 432 1297 4017">
    <p class='ocr_par' dir='ltr' id='par_1_2' title="bbox 11 432 1297 4017">
     <span class='ocr_line' id='line_1_2' title="bbox 11 432 1253 521; baseline 0.002 -17"><span class='ocrx_word' id='word_1_5' title='bbox 11 461 12 478; x_wconf 58' lang='lat'>¹</span> <span class='ocrx_word' id='word_1_6' title='bbox 98 432 277 505; x_wconf 66' lang='lat' dir='ltr'><strong>violanda?</strong></span> <span class='ocrx_word' id='word_1_7' title='bbox 311 437 450 502; x_wconf 83' lang='lat' dir='ltr'><strong>Stabunt</strong></span> <span class='ocrx_word' id='word_1_8' title='bbox 475 454 553 520; x_wconf 82' lang='lat' dir='ltr'><strong>ergo</strong></span> <span class='ocrx_word' id='word_1_9' title='bbox 575 451 687 500; x_wconf 78' lang='lat' dir='ltr'><strong>samoe</strong></span> <span class='ocrx_word' id='word_1_10' title='bbox 708 435 906 500; x_wconf 72' lang='lat' dir='ltr'><strong>auctoritatis</strong></span> <span class='ocrx_word' id='word_1_11' title='bbox 931 435 1040 500; x_wconf 77' lang='lat' dir='ltr'><strong>viride</strong></span> <span class='ocrx_word' id='word_1_12' title='bbox 1060 435 1172 521; x_wconf 75' lang='lat' dir='ltr'><strong>jussa,</strong></span> <span class='ocrx_word' id='word_1_13' title='bbox 1191 441 1253 506; x_wconf 81' lang='lat' dir='ltr'><strong>nec</strong></span> 
     </span>
     <span class='ocr_line' id='line_1_3' title="bbox 99 523 1253 606; baseline -0.003 -16"><span class='ocrx_word' id='word_1_14' title='bbox 99 545 186 590; x_wconf 84' lang='lat' dir='ltr'><strong>vana</strong></span> <span class='ocrx_word' id='word_1_15' title='bbox 212 525 429 606; x_wconf 79' lang='lat' dir='ltr'><strong>profanatione</strong></span> <span class='ocrx_word' id='word_1_16' title='bbox 450 530 541 584; x_wconf 89' lang='lat' dir='ltr'><strong>erunt</strong></span> <span class='ocrx_word' id='word_1_17' title='bbox 562 523 760 604; x_wconf 87' lang='lat' dir='ltr'><strong>aliquatenus</strong></span> <span class='ocrx_word' id='word_1_18' title='bbox 780 523 983 605; x_wconf 70' lang='lat' dir='ltr'><strong>temeranda,</strong></span> <span class='ocrx_word' id='word_1_19' title='bbox 1007 543 1119 586; x_wconf 88' lang='lat' dir='ltr'><strong>vemm</strong></span> <span class='ocrx_word' id='word_1_20' title='bbox 1139 545 1180 586; x_wconf 91' lang='lat' dir='ltr'><strong>ne</strong></span> <span class='ocrx_word' id='word_1_21' title='bbox 1197 525 1253 606; x_wconf 91' lang='lat' dir='ltr'><strong>ju-</strong></span> 
     </span>
     <span class='ocr_line' id='line_1_4' title="bbox 100 606 1254 692; baseline -0.001 -18"><span class='ocrx_word' id='word_1_22' title='bbox 100 619 260 692; x_wconf 87' lang='lat' dir='ltr'><strong>ramenta,</strong></span> <span class='ocrx_word' id='word_1_23' title='bbox 283 629 364 692; x_wconf 91' lang='lat' dir='ltr'><strong>quae</strong></span> <span class='ocrx_word' id='word_1_24' title='bbox 386 609 460 670; x_wconf 87' lang='lat' dir='ltr'><strong>data</strong></span> <span class='ocrx_word' id='word_1_25' title='bbox 481 616 569 688; x_wconf 89' lang='lat' dir='ltr'><strong>sunt,</strong></span> <span class='ocrx_word' id='word_1_26' title='bbox 588 606 754 668; x_wconf 87' lang='lat' dir='ltr'><strong>videantur</strong></span> <span class='ocrx_word' id='word_1_27' title='bbox 773 607 805 668; x_wconf 90' lang='lat' dir='ltr'><strong>iu</strong></span> <span class='ocrx_word' id='word_1_28' title='bbox 826 625 886 669; x_wconf 92' lang='lat' dir='ltr'><strong>nos</strong></span> <span class='ocrx_word' id='word_1_29' title='bbox 906 610 952 669; x_wconf 90' lang='lat' dir='ltr'><strong>ita</strong></span> <span class='ocrx_word' id='word_1_30' title='bbox 971 611 1099 688; x_wconf 90' lang='lat' dir='ltr'><strong>penitus</strong></span> <span class='ocrx_word' id='word_1_31' title='bbox 1119 611 1254 674; x_wconf 83' lang='lat' dir='ltr'><strong>misera-</strong></span> 
     </span>
     <span class='ocr_line' id='line_1_5' title="bbox 101 692 1253 774; baseline 0 -14"><span class='ocrx_word' id='word_1_32' title='bbox 101 699 220 760; x_wconf 89' lang='lat' dir='ltr'><strong>tionum</strong></span> <span class='ocrx_word' id='word_1_33' title='bbox 246 696 442 760; x_wconf 78' lang='lat' dir='ltr'><strong>conclusisse</strong></span> <span class='ocrx_word' id='word_1_34' title='bbox 470 693 670 774; x_wconf 86' lang='lat' dir='ltr'><strong>praecordia,</strong></span> <span class='ocrx_word' id='word_1_35' title='bbox 705 701 742 753; x_wconf 89' lang='lat' dir='ltr'><strong>ut</strong></span> <span class='ocrx_word' id='word_1_36' title='bbox 767 692 882 754; x_wconf 87' lang='lat' dir='ltr'><strong>nullam</strong></span> <span class='ocrx_word' id='word_1_37' title='bbox 912 693 952 754; x_wconf 88' lang='lat' dir='ltr'><strong>da</strong></span> <span class='ocrx_word' id='word_1_38' title='bbox 978 695 1108 773; x_wconf 87' lang='lat' dir='ltr'><strong>pietatis</strong></span> <span class='ocrx_word' id='word_1_39' title='bbox 1134 695 1253 760; x_wconf 86' lang='lat' dir='ltr'><strong>affeetu</strong></span> 
     </span>
     <span class='ocr_line' id='line_1_6' title="bbox 102 777 1253 860; baseline -0.002 -14"><span class='ocrx_word' id='word_1_40' title='bbox 102 785 223 846; x_wconf 88' lang='lat' dir='ltr'><strong>animae</strong></span> <span class='ocrx_word' id='word_1_41' title='bbox 242 783 369 844; x_wconf 89' lang='lat' dir='ltr'><strong>viscera</strong></span> <span class='ocrx_word' id='word_1_42' title='bbox 397 782 574 859; x_wconf 83' lang='lat' dir='ltr'><strong>concipiant</strong></span> <span class='ocrx_word' id='word_1_43' title='bbox 601 777 826 858; x_wconf 82' lang='lat' dir='ltr'><strong>indulgentiam</strong></span> <span class='ocrx_word' id='word_1_44' title='bbox 846 779 1013 858; x_wconf 85' lang='lat' dir='ltr'><strong>parituram</strong></span> <span class='ocrx_word' id='word_1_45' title='bbox 1026 779 1075 860; x_wconf 88' lang='lat'><strong>¹),</strong></span> <span class='ocrx_word' id='word_1_46' title='bbox 1105 781 1154 844; x_wconf 88' lang='lat' dir='ltr'><strong>sie</strong></span> <span class='ocrx_word' id='word_1_47' title='bbox 1181 791 1253 844; x_wconf 85' lang='lat' dir='ltr'><strong>sta-</strong></span> 
     </span>
     <span class='ocr_line' id='line_1_7' title="bbox 101 861 1275 949; baseline 0 -19"><span class='ocrx_word' id='word_1_48' title='bbox 101 870 197 930; x_wconf 84' lang='lat' dir='ltr'><strong>bilitis</strong></span> <span class='ocrx_word' id='word_1_49' title='bbox 222 867 436 929; x_wconf 88' lang='lat' dir='ltr'><strong>contractibus</strong></span> <span class='ocrx_word' id='word_1_50' title='bbox 457 863 624 944; x_wconf 87' lang='lat' dir='ltr'><strong>juramenti</strong></span> <span class='ocrx_word' id='word_1_51' title='bbox 641 861 676 940; x_wconf 82' lang='lat'><strong>²)</strong></span> <span class='ocrx_word' id='word_1_52' title='bbox 702 864 804 924; x_wconf 90' lang='lat' dir='ltr'><strong>sinum</strong></span> <span class='ocrx_word' id='word_1_53' title='bbox 828 864 1060 927; x_wconf 87' lang='lat' dir='ltr'><strong>misericordiae</strong></span> <span class='ocrx_word' id='word_1_54' title='bbox 1086 868 1275 949; x_wconf 53' lang='lat' dir='ltr'><strong>aperimus,</strong></span> 
     </span>
     <span class='ocr_line' id='line_1_8' title="bbox 100 948 1252 1036; baseline -0.001 -20"><span class='ocrx_word' id='word_1_55' title='bbox 100 963 198 1036; x_wconf 87' lang='lat' dir='ltr'><strong>atque</strong></span> <span class='ocrx_word' id='word_1_56' title='bbox 218 954 264 1014; x_wconf 88' lang='lat' dir='ltr'><strong>ita</strong></span> <span class='ocrx_word' id='word_1_57' title='bbox 284 953 408 1014; x_wconf 89' lang='lat' dir='ltr'><strong>cunctis</strong></span> <span class='ocrx_word' id='word_1_58' title='bbox 430 950 490 1012; x_wconf 91' lang='lat' dir='ltr'><strong>deo</strong></span> <span class='ocrx_word' id='word_1_59' title='bbox 510 951 627 1029; x_wconf 88' lang='lat' dir='ltr'><strong>placita</strong></span> <span class='ocrx_word' id='word_1_60' title='bbox 648 948 819 1009; x_wconf 89' lang='lat' dir='ltr'><strong>devotione</strong></span> <span class='ocrx_word' id='word_1_61' title='bbox 837 949 976 1012; x_wconf 88' lang='lat' dir='ltr'><strong>misereri</strong></span> <span class='ocrx_word' id='word_1_62' title='bbox 1002 969 1186 1033; x_wconf 87' lang='lat' dir='ltr'><strong>censemus,</strong></span> <span class='ocrx_word' id='word_1_63' title='bbox 1215 963 1252 1016; x_wconf 88' lang='lat' dir='ltr'><strong>ut</strong></span> 
     </span>
     <span class='ocr_line' id='line_1_9' title="bbox 100 1033 1252 1116; baseline 0.001 -16"><span class='ocrx_word' id='word_1_64' title='bbox 100 1057 160 1100; x_wconf 92' lang='lat' dir='ltr'><strong>nos</strong></span> <span class='ocrx_word' id='word_1_65' title='bbox 180 1056 242 1098; x_wconf 91' lang='lat' dir='ltr'><strong>nec</strong></span> <span class='ocrx_word' id='word_1_66' title='bbox 259 1036 427 1116; x_wconf 89' lang='lat' dir='ltr'><strong>juramenti</strong></span> <span class='ocrx_word' id='word_1_67' title='bbox 447 1043 558 1096; x_wconf 87' lang='lat' dir='ltr'><strong>teneat</strong></span> <span class='ocrx_word' id='word_1_68' title='bbox 578 1033 683 1096; x_wconf 87' lang='lat' dir='ltr'><strong>cautio</strong></span> <span class='ocrx_word' id='word_1_69' title='bbox 711 1051 803 1113; x_wconf 89' lang='lat' dir='ltr'><strong>reos,</strong></span> <span class='ocrx_word' id='word_1_70' title='bbox 831 1051 893 1096; x_wconf 92' lang='lat' dir='ltr'><strong>nee</strong></span> <span class='ocrx_word' id='word_1_71' title='bbox 914 1035 1127 1098; x_wconf 89' lang='lat' dir='ltr'><strong>inhumanitas</strong></span> <span class='ocrx_word' id='word_1_72' title='bbox 1155 1039 1252 1101; x_wconf 85' lang='lat' dir='ltr'><strong>faeiat</strong></span> 
     </span>
     <span class='ocr_line' id='line_1_10' title="bbox 101 1119 1251 1204; baseline 0 -19"><span class='ocrx_word' id='word_1_73' title='bbox 101 1122 307 1186; x_wconf 88' lang='lat' dir='ltr'><strong>execrandos.</strong></span> <span class='ocrx_word' id='word_1_74' title='bbox 350 1119 522 1204; x_wconf 86' lang='lat' dir='ltr'><strong>Occurrere</strong></span> <span class='ocrx_word' id='word_1_75' title='bbox 548 1127 636 1182; x_wconf 90' lang='lat' dir='ltr'><strong>certe</strong></span> <span class='ocrx_word' id='word_1_76' title='bbox 662 1119 843 1180; x_wconf 88' lang='lat' dir='ltr'><strong>miserorum</strong></span> <span class='ocrx_word' id='word_1_77' title='bbox 870 1120 966 1182; x_wconf 89' lang='lat' dir='ltr'><strong>ruinis</strong></span> <span class='ocrx_word' id='word_1_78' title='bbox 995 1121 1091 1184; x_wconf 88' lang='lat' dir='ltr'><strong>debet</strong></span> <span class='ocrx_word' id='word_1_79' title='bbox 1111 1124 1251 1186; x_wconf 86' lang='lat' dir='ltr'><strong>subsidio</strong></span> 
     </span>
     <span class='ocr_line' id='line_1_11' title="bbox 101 1203 1251 1289; baseline 0 -19"><span class='ocrx_word' id='word_1_80' title='bbox 101 1209 316 1289; x_wconf 86' lang='lat' dir='ltr'><strong>unusquisque</strong></span> <span class='ocrx_word' id='word_1_81' title='bbox 344 1223 405 1288; x_wconf 90' lang='lat' dir='ltr'><strong>qao</strong></span> <span class='ocrx_word' id='word_1_82' title='bbox 435 1206 537 1284; x_wconf 87' lang='lat' dir='ltr'><strong>valet,</strong></span> <span class='ocrx_word' id='word_1_83' title='bbox 564 1212 599 1266; x_wconf 89' lang='lat' dir='ltr'><strong>et</strong></span> <span class='ocrx_word' id='word_1_84' title='bbox 625 1203 817 1264; x_wconf 68' lang='lat' dir='ltr'><strong>revelatione</strong></span> <span class='ocrx_word' id='word_1_85' title='bbox 844 1204 965 1267; x_wconf 88' lang='lat' dir='ltr'><strong>alienae</strong></span> <span class='ocrx_word' id='word_1_86' title='bbox 991 1206 1151 1270; x_wconf 87' lang='lat' dir='ltr'><strong>vindictae</strong></span> <span class='ocrx_word' id='word_1_87' title='bbox 1172 1227 1192 1270; x_wconf 92' lang='lat' dir='ltr'><strong>a</strong></span> <span class='ocrx_word' id='word_1_88' title='bbox 1213 1227 1251 1270; x_wconf 88' lang='lat' dir='ltr'><strong>se</strong></span> 
     </span>
     <span class='ocr_line' id='line_1_12' title="bbox 102 1287 1251 1374; baseline 0 -18"><span class='ocrx_word' id='word_1_89' title='bbox 102 1294 154 1356; x_wconf 88' lang='lat' dir='ltr'><strong>dei</strong></span> <span class='ocrx_word' id='word_1_90' title='bbox 180 1311 341 1354; x_wconf 84' lang='lat' dir='ltr'><strong>removere</strong></span> <span class='ocrx_word' id='word_1_91' title='bbox 365 1289 557 1371; x_wconf 80' lang='lat' dir='ltr'><strong>vindictam3</strong></span> <span class='ocrx_word' id='word_1_92' title='bbox 588 1289 664 1351; x_wconf 84' lang='lat' dir='ltr'><strong>libat</strong></span> <span class='ocrx_word' id='word_1_93' title='bbox 691 1290 775 1350; x_wconf 86' lang='lat' dir='ltr'><strong>enirn</strong></span> <span class='ocrx_word' id='word_1_94' title='bbox 801 1287 924 1350; x_wconf 91' lang='lat' dir='ltr'><strong>domino</strong></span> <span class='ocrx_word' id='word_1_95' title='bbox 944 1309 1110 1373; x_wconf 89' lang='lat' dir='ltr'><strong>prospera,</strong></span> <span class='ocrx_word' id='word_1_96' title='bbox 1137 1295 1190 1374; x_wconf 91' lang='lat' dir='ltr'><strong>qui</strong></span> <span class='ocrx_word' id='word_1_97' title='bbox 1211 1295 1251 1356; x_wconf 85' lang='lat' dir='ltr'><strong>ab</strong></span> 
     </span>
     <span class='ocr_line' id='line_1_13' title="bbox 101 1373 1251 1457; baseline 0 -16"><span class='ocrx_word' id='word_1_98' title='bbox 101 1380 227 1441; x_wconf 83' lang='lat' dir='ltr'><strong>afflictis</strong></span> <span class='ocrx_word' id='word_1_99' title='bbox 252 1379 340 1457; x_wconf 87' lang='lat' dir='ltr'><strong>pellit</strong></span> <span class='ocrx_word' id='word_1_100' title='bbox 368 1376 513 1438; x_wconf 90' lang='lat' dir='ltr'><strong>adversa.</strong></span> <span class='ocrx_word' id='word_1_101' title='bbox 553 1374 630 1436; x_wconf 93' lang='lat' dir='ltr'><strong>lnde</strong></span> <span class='ocrx_word' id='word_1_102' title='bbox 651 1373 713 1435; x_wconf 88' lang='lat' dir='ltr'><strong>Job</strong></span> <span class='ocrx_word' id='word_1_103' title='bbox 741 1381 815 1434; x_wconf 90' lang='lat' dir='ltr'><strong>ante</strong></span> <span class='ocrx_word' id='word_1_104' title='bbox 841 1376 999 1454; x_wconf 88' lang='lat' dir='ltr'><strong>passionis</strong></span> <span class='ocrx_word' id='word_1_105' title='bbox 1025 1379 1251 1457; x_wconf 80' lang='lat' dir='ltr'><strong>experientiam</strong></span> 
     </span>
     <span class='ocr_line' id='line_1_14' title="bbox 100 1457 1254 1545; baseline 0.002 -21"><span class='ocrx_word' id='word_1_106' title='bbox 100 1461 328 1545; x_wconf 75' lang='lat' dir='ltr'><strong>impendensi)</strong></span> <span class='ocrx_word' id='word_1_107' title='bbox 348 1461 556 1541; x_wconf 75' lang='lat' dir='ltr'><strong>patientibuS,</strong></span> <span class='ocrx_word' id='word_1_108' title='bbox 578 1457 662 1544; x_wconf 63' lang='lat' dir='ltr'><strong>qued</strong></span> <span class='ocrx_word' id='word_1_109' title='bbox 682 1461 713 1520; x_wconf 92' lang='lat' dir='ltr'><strong>in</strong></span> <span class='ocrx_word' id='word_1_110' title='bbox 732 1459 889 1538; x_wconf 85' lang='lat' dir='ltr'><strong>passionis</strong></span> <span class='ocrx_word' id='word_1_111' title='bbox 910 1479 988 1522; x_wconf 89' lang='lat' dir='ltr'><strong>suae</strong></span> <span class='ocrx_word' id='word_1_112' title='bbox 1008 1463 1160 1542; x_wconf 86' lang='lat' dir='ltr'><strong>patientia</strong></span> <span class='ocrx_word' id='word_1_113' title='bbox 1180 1483 1254 1525; x_wconf 81' lang='lat' dir='ltr'><strong>me-</strong></span> 
     </span>
     <span class='ocr_line' id='line_1_15' title="bbox 100 1545 1251 1628; baseline 0.001 -17"><span class='ocrx_word' id='word_1_114' title='bbox 100 1551 257 1628; x_wconf 86' lang='lat' dir='ltr'><strong>morabat,</strong></span> <span class='ocrx_word' id='word_1_115' title='bbox 278 1546 448 1624; x_wconf 80' lang='lat' dir='ltr'><strong>suarum⁴)</strong></span> <span class='ocrx_word' id='word_1_116' title='bbox 467 1553 617 1607; x_wconf 76' lang='lat' dir='ltr'><strong>virtutum</strong></span> <span class='ocrx_word' id='word_1_117' title='bbox 639 1545 818 1626; x_wconf 71' lang='lat' dir='ltr'><strong>eptalogum</strong></span> <span class='ocrx_word' id='word_1_118' title='bbox 838 1553 953 1606; x_wconf 86' lang='lat' dir='ltr'><strong>texens</strong></span> <span class='ocrx_word' id='word_1_119' title='bbox 974 1547 1053 1610; x_wconf 87' lang='lat' dir='ltr'><strong>inter</strong></span> <span class='ocrx_word' id='word_1_120' title='bbox 1073 1557 1181 1611; x_wconf 88' lang='lat' dir='ltr'><strong>cetera</strong></span> <span class='ocrx_word' id='word_1_121' title='bbox 1201 1551 1251 1612; x_wconf 89' lang='lat' dir='ltr'><strong>sic</strong></span> 
     </span>
     <span class='ocr_line' id='line_1_16' title="bbox 102 1631 1249 1712; baseline -0.001 -14"><span class='ocrx_word' id='word_1_122' title='bbox 102 1635 278 1698; x_wconf 87' lang='lat' dir='ltr'><strong>connectit:</strong></span> <span class='ocrx_word' id='word_1_123' title='bbox 311 1631 503 1692; x_wconf 77' lang='lat' dir='ltr'><strong>Benedictio</strong></span> <span class='ocrx_word' id='word_1_124' title='bbox 519 1631 662 1712; x_wconf 81' lang='lat' dir='ltr'><strong>perituri</strong></span> <span class='ocrx_word' id='word_1_125' title='bbox 688 1648 782 1710; x_wconf 79' lang='grc' dir='ltr'><em>ενμον</em></span> <span class='ocrx_word' id='word_1_126' title='bbox 807 1649 857 1692; x_wconf 88' lang='lat' dir='ltr'><strong>me</strong></span> <span class='ocrx_word' id='word_1_127' title='bbox 878 1632 1042 1709; x_wconf 83' lang='lat' dir='ltr'><strong>ueniebat,</strong></span> <span class='ocrx_word' id='word_1_128' title='bbox 1069 1641 1104 1696; x_wconf 85' lang='lat' dir='ltr'><strong>et</strong></span> <span class='ocrx_word' id='word_1_129' title='bbox 1125 1653 1179 1696; x_wconf 87' lang='lat' dir='ltr'><strong>eor</strong></span> <span class='ocrx_word' id='word_1_130' title='bbox 1196 1637 1249 1698; x_wconf 79' lang='grc' dir='ltr'><strong>ὀἰ-</strong></span> 
     </span>
     <span class='ocr_line' id='line_1_17' title="bbox 101 1715 1252 1801; baseline 0 -20"><span class='ocrx_word' id='word_1_131' title='bbox 101 1720 185 1782; x_wconf 82' lang='lat' dir='ltr'><strong>duae</strong></span> <span class='ocrx_word' id='word_1_132' title='bbox 206 1715 384 1780; x_wconf 82' lang='lat' dir='ltr'><strong>consolatus</strong></span> <span class='ocrx_word' id='word_1_133' title='bbox 405 1715 538 1793; x_wconf 57' lang='grc' dir='ltr'><strong>κοινῆς</strong></span> <span class='ocrx_word' id='word_1_134' title='bbox 559 1725 592 1777; x_wconf 89' lang='lat' dir='ltr'><strong>et</strong></span> <span class='ocrx_word' id='word_1_135' title='bbox 612 1715 705 1795; x_wconf 89' lang='lat' dir='ltr'><strong>paulo</strong></span> <span class='ocrx_word' id='word_1_136' title='bbox 725 1723 816 1792; x_wconf 86' lang='lat' dir='ltr'><strong>post:</strong></span> <span class='ocrx_word' id='word_1_137' title='bbox 836 1716 966 1778; x_wconf 71' lang='lat' dir='ltr'><strong>suetam</strong></span> <span class='ocrx_word' id='word_1_138' title='bbox 982 1720 1138 1798; x_wconf 80' lang='lat' dir='ltr'><strong>quondam</strong></span> <span class='ocrx_word' id='word_1_139' title='bbox 1158 1739 1252 1801; x_wconf 84' lang='lat' dir='ltr'><strong>snper</strong></span> 
     </span>
     <span class='ocr_line' id='line_1_18' title="bbox 101 1799 1252 1885; baseline 0.002 -19"><span class='ocrx_word' id='word_1_140' title='bbox 101 1823 181 1878; x_wconf 80' lang='lat' dir='ltr'><strong>eum,</strong></span> <span class='ocrx_word' id='word_1_141' title='bbox 205 1806 259 1884; x_wconf 81' lang='lat' dir='ltr'><strong>qui</strong></span> <span class='ocrx_word' id='word_1_142' title='bbox 275 1803 416 1881; x_wconf 81' lang='lat' dir='ltr'><strong>afflictus</strong></span> <span class='ocrx_word' id='word_1_143' title='bbox 437 1810 509 1863; x_wconf 85' lang='lat' dir='ltr'><strong>eret</strong></span> <span class='ocrx_word' id='word_1_144' title='bbox 529 1807 562 1862; x_wconf 82' lang='lat' dir='ltr'><strong>et</strong></span> <span class='ocrx_word' id='word_1_145' title='bbox 584 1799 836 1882; x_wconf 79' lang='lat' dir='ltr'><strong>compatiebatur</strong></span> <span class='ocrx_word' id='word_1_146' title='bbox 852 1803 960 1862; x_wconf 86' lang='lat' dir='ltr'><strong>anima</strong></span> <span class='ocrx_word' id='word_1_147' title='bbox 981 1808 1197 1885; x_wconf 83' lang='lat' dir='ltr'><strong>meepeuperi</strong></span> <span class='ocrx_word' id='word_1_148' title='bbox 1208 1804 1252 1884; x_wconf 80' lang='lat'><strong>⁶).</strong></span> 
     </span>
     <span class='ocr_line' id='line_1_19' title="bbox 100 1885 1251 1972; baseline 0.001 -21"><span class='ocrx_word' id='word_1_149' title='bbox 100 1891 185 1952; x_wconf 88' lang='lat' dir='ltr'><strong>Hinc</strong></span> <span class='ocrx_word' id='word_1_150' title='bbox 205 1897 240 1949; x_wconf 89' lang='lat' dir='ltr'><strong>et</strong></span> <span class='ocrx_word' id='word_1_151' title='bbox 260 1888 428 1950; x_wconf 87' lang='lat' dir='ltr'><strong>Salomon:</strong></span> <span class='ocrx_word' id='word_1_152' title='bbox 460 1886 548 1946; x_wconf 76' lang='lat' dir='ltr'><strong>Erae</strong></span> <span class='ocrx_word' id='word_1_153' title='bbox 569 1905 621 1947; x_wconf 88' lang='lat' dir='ltr'><strong>eos</strong></span> <span class='ocrx_word' id='word_1_154' title='bbox 644 1887 698 1967; x_wconf 83' lang='lat' dir='ltr'><strong>qai</strong></span> <span class='ocrx_word' id='word_1_155' title='bbox 720 1885 877 1946; x_wconf 83' lang='lat' dir='ltr'><strong>ducentur</strong></span> <span class='ocrx_word' id='word_1_156' title='bbox 898 1887 942 1947; x_wconf 87' lang='lat' dir='ltr'><strong>ad</strong></span> <span class='ocrx_word' id='word_1_157' title='bbox 963 1896 1112 1965; x_wconf 85' lang='lat' dir='ltr'><strong>mortem,</strong></span> <span class='ocrx_word' id='word_1_158' title='bbox 1141 1893 1251 1972; x_wconf 80' lang='lat' dir='ltr'><strong>etqui</strong></span> 
     </span>
     <span class='ocr_line' id='line_1_20' title="bbox 100 1967 1252 2050; baseline 0.002 -14"><span class='ocrx_word' id='word_1_159' title='bbox 100 1975 273 2036; x_wconf 78' lang='lat' dir='ltr'><strong>trahantur</strong></span> <span class='ocrx_word' id='word_1_160' title='bbox 293 1975 338 2035; x_wconf 87' lang='lat' dir='ltr'><strong>ad</strong></span> <span class='ocrx_word' id='word_1_161' title='bbox 357 1973 539 2045; x_wconf 81' lang='lat' dir='ltr'><strong>interitum,</strong></span> <span class='ocrx_word' id='word_1_162' title='bbox 560 1971 695 2032; x_wconf 83' lang='lat' dir='ltr'><strong>liberere</strong></span> <span class='ocrx_word' id='word_1_163' title='bbox 715 1967 800 2046; x_wconf 58' lang='lat' dir='ltr'><strong>aei)</strong></span> <span class='ocrx_word' id='word_1_164' title='bbox 823 1989 933 2032; x_wconf 78' lang='lat' dir='ltr'><strong>eaesae.</strong></span> <span class='ocrx_word' id='word_1_165' title='bbox 978 1970 1099 2050; x_wconf 78' lang='lat' dir='ltr'><strong>Quibus</strong></span> <span class='ocrx_word' id='word_1_166' title='bbox 1120 1986 1252 2038; x_wconf 88' lang='lat' dir='ltr'><strong>sanetae</strong></span> 
     </span>
     <span class='ocr_line' id='line_1_21' title="bbox 101 2055 1251 2140; baseline 0.001 -18"><span class='ocrx_word' id='word_1_167' title='bbox 101 2059 299 2122; x_wconf 86' lang='lat' dir='ltr'><strong>auctoritatis</strong></span> <span class='ocrx_word' id='word_1_168' title='bbox 326 2058 470 2119; x_wconf 87' lang='lat' dir='ltr'><strong>instructi</strong></span> <span class='ocrx_word' id='word_1_169' title='bbox 497 2055 647 2136; x_wconf 87' lang='lat' dir='ltr'><strong>decretis,</strong></span> <span class='ocrx_word' id='word_1_170' title='bbox 675 2073 736 2116; x_wconf 88' lang='lat' dir='ltr'><strong>nee</strong></span> <span class='ocrx_word' id='word_1_171' title='bbox 763 2065 908 2116; x_wconf 88' lang='lat' dir='ltr'><strong>sanetum</strong></span> <span class='ocrx_word' id='word_1_172' title='bbox 934 2075 1047 2120; x_wconf 89' lang='lat' dir='ltr'><strong>nornen</strong></span> <span class='ocrx_word' id='word_1_173' title='bbox 1067 2061 1251 2140; x_wconf 84' lang='lat' dir='ltr'><strong>profanasse</strong></span> 
     </span>
     <span class='ocr_line' id='line_1_22' title="bbox 100 2140 1297 2226; baseline 0.001 -19"><span class='ocrx_word' id='word_1_174' title='bbox 100 2159 159 2207; x_wconf 89' lang='lat' dir='ltr'><strong>nos</strong></span> <span class='ocrx_word' id='word_1_175' title='bbox 180 2152 326 2224; x_wconf 84' lang='lat' dir='ltr'><strong>constat,</strong></span> <span class='ocrx_word' id='word_1_176' title='bbox 347 2142 431 2224; x_wconf 92' lang='lat' dir='ltr'><strong>quod</strong></span> <span class='ocrx_word' id='word_1_177' title='bbox 451 2142 630 2203; x_wconf 88' lang='lat' dir='ltr'><strong>nullatenus</strong></span> <span class='ocrx_word' id='word_1_178' title='bbox 649 2140 871 2220; x_wconf 88' lang='lat' dir='ltr'><strong>profanandum</strong></span> <span class='ocrx_word' id='word_1_179' title='bbox 891 2159 957 2202; x_wconf 86' lang='lat' dir='ltr'><strong>vox</strong></span> <span class='ocrx_word' id='word_1_180' title='bbox 977 2155 1104 2206; x_wconf 88' lang='lat' dir='ltr'><strong>nostrae</strong></span> <span class='ocrx_word' id='word_1_181' title='bbox 1125 2147 1252 2226; x_wconf 86' lang='lat' dir='ltr'><strong>praedi-</strong></span> <span class='ocrx_word' id='word_1_182' title='bbox 1294 2141 1297 2146; x_wconf 76' lang='grc'>’</span> 
     </span>
     <span class='ocr_line' id='line_1_23' title="bbox 101 2225 1251 2310; baseline 0.002 -18"><span class='ocrx_word' id='word_1_183' title='bbox 101 2231 234 2293; x_wconf 88' lang='lat' dir='ltr'><strong>cationis</strong></span> <span class='ocrx_word' id='word_1_184' title='bbox 255 2231 401 2308; x_wconf 85' lang='lat' dir='ltr'><strong>insinuat,</strong></span> <span class='ocrx_word' id='word_1_185' title='bbox 424 2236 458 2290; x_wconf 86' lang='lat' dir='ltr'><strong>et</strong></span> <span class='ocrx_word' id='word_1_186' title='bbox 478 2227 693 2309; x_wconf 87' lang='lat' dir='ltr'><strong>indulgentiae</strong></span> <span class='ocrx_word' id='word_1_187' title='bbox 705 2225 881 2288; x_wconf 87' lang='lat' dir='ltr'><strong>visceribus</strong></span> <span class='ocrx_word' id='word_1_188' title='bbox 903 2227 1070 2310; x_wconf 87' lang='lat' dir='ltr'><strong>adapertis,</strong></span> <span class='ocrx_word' id='word_1_189' title='bbox 1092 2232 1168 2294; x_wconf 89' lang='lat' dir='ltr'><strong>licet</strong></span> <span class='ocrx_word' id='word_1_190' title='bbox 1188 2233 1251 2294; x_wconf 87' lang='lat' dir='ltr'><strong>oris</strong></span> 
     </span>
     <span class='ocr_line' id='line_1_24' title="bbox 101 2312 1251 2398; baseline 0.003 -21"><span class='ocrx_word' id='word_1_191' title='bbox 101 2318 151 2378; x_wconf 92' lang='lat' dir='ltr'><strong>sni</strong></span> <span class='ocrx_word' id='word_1_192' title='bbox 176 2315 370 2394; x_wconf 85' lang='lat' dir='ltr'><strong>professione</strong></span> <span class='ocrx_word' id='word_1_193' title='bbox 392 2313 530 2374; x_wconf 88' lang='lat' dir='ltr'><strong>damnati</strong></span> <span class='ocrx_word' id='word_1_194' title='bbox 552 2312 677 2375; x_wconf 88' lang='lat' dir='ltr'><strong>difficile</strong></span> <span class='ocrx_word' id='word_1_195' title='bbox 698 2321 890 2372; x_wconf 88' lang='lat' dir='ltr'><strong>mererentur</strong></span> <span class='ocrx_word' id='word_1_196' title='bbox 910 2314 1031 2376; x_wconf 89' lang='lat' dir='ltr'><strong>absolvi</strong></span> <span class='ocrx_word' id='word_1_197' title='bbox 1053 2317 1146 2396; x_wconf 86' lang='lat' dir='ltr'><strong>juxta</strong></span> <span class='ocrx_word' id='word_1_198' title='bbox 1167 2317 1251 2398; x_wconf 89' lang='lat' dir='ltr'><strong>quod</strong></span> 
     </span>
     <span class='ocr_line' id='line_1_25' title="bbox 100 2397 1252 2480; baseline 0.004 -19"><span class='ocrx_word' id='word_1_199' title='bbox 100 2401 250 2479; x_wconf 87' lang='lat' dir='ltr'><strong>scriptum</strong></span> <span class='ocrx_word' id='word_1_200' title='bbox 280 2408 331 2460; x_wconf 88' lang='lat' dir='ltr'><strong>est</strong></span> <span class='ocrx_word' id='word_1_201' title='bbox 347 2398 401 2478; x_wconf 71' lang='grc'><strong>8);</strong></span> <span class='ocrx_word' id='word_1_202' title='bbox 439 2397 582 2480; x_wconf 78' lang='lat' dir='ltr'><strong>Sanguis</strong></span> <span class='ocrx_word' id='word_1_203' title='bbox 608 2405 681 2460; x_wconf 79' lang='lat' dir='ltr'><strong>teres</strong></span> <span class='ocrx_word' id='word_1_204' title='bbox 709 2416 804 2477; x_wconf 84' lang='lat' dir='ltr'><strong>super</strong></span> <span class='ocrx_word' id='word_1_205' title='bbox 831 2406 928 2478; x_wconf 81' lang='lat' dir='ltr'><strong>eaput</strong></span> <span class='ocrx_word' id='word_1_206' title='bbox 955 2405 1066 2475; x_wconf 80' lang='lat' dir='ltr'><strong>teum,</strong></span> <span class='ocrx_word' id='word_1_207' title='bbox 1098 2421 1132 2462; x_wconf 84' lang='lat' dir='ltr'><strong>oo</strong></span> <span class='ocrx_word' id='word_1_208' title='bbox 1167 2405 1252 2466; x_wconf 77' lang='lat' dir='ltr'><strong>maim</strong></span> 
     </span>
     <span class='ocr_line' id='line_1_26' title="bbox 102 2481 1251 2560; baseline 0.003 -13"><span class='ocrx_word' id='word_1_209' title='bbox 102 2491 191 2547; x_wconf 84' lang='lat' dir='ltr'><strong>taam</strong></span> <span class='ocrx_word' id='word_1_210' title='bbox 226 2483 363 2546; x_wconf 83' lang='lat' dir='ltr'><strong>locutam</strong></span> <span class='ocrx_word' id='word_1_211' title='bbox 392 2490 441 2544; x_wconf 86' lang='lat' dir='ltr'><strong>est</strong></span> <span class='ocrx_word' id='word_1_212' title='bbox 474 2485 638 2544; x_wconf 84' lang='lat' dir='ltr'><strong>adversam</strong></span> <span class='ocrx_word' id='word_1_213' title='bbox 666 2492 722 2555; x_wconf 83' lang='lat' dir='ltr'><strong>te,·</strong></span> <span class='ocrx_word' id='word_1_214' title='bbox 753 2489 787 2542; x_wconf 90' lang='lat' dir='ltr'><strong>et</strong></span> <span class='ocrx_word' id='word_1_215' title='bbox 813 2482 923 2544; x_wconf 81' lang='lat' dir='ltr'><strong>iterum</strong></span> <span class='ocrx_word' id='word_1_216' title='bbox 943 2481 996 2560; x_wconf 57' lang='lat'><strong>⁹)‘:</strong></span> <span class='ocrx_word' id='word_1_217' title='bbox 1032 2485 1086 2546; x_wconf 75' lang='lat' dir='ltr'><strong>nu</strong></span> <span class='ocrx_word' id='word_1_218' title='bbox 1117 2505 1170 2548; x_wconf 88' lang='lat' dir='ltr'><strong>ore</strong></span> <span class='ocrx_word' id='word_1_219' title='bbox 1195 2496 1251 2550; x_wconf 84' lang='lat' dir='ltr'><strong>teo</strong></span> 
     </span>
     <span class='ocr_line' id='line_1_27' title="bbox 92 2566 1253 2651; baseline 0.002 -20"><span class='ocrx_word' id='word_1_220' title='bbox 92 2570 342 2651; x_wconf 68' lang='lat' dir='ltr'><strong>justificaberis,</strong></span> <span class='ocrx_word' id='word_1_221' title='bbox 365 2575 399 2629; x_wconf 84' lang='lat' dir='ltr'><strong>at</strong></span> <span class='ocrx_word' id='word_1_222' title='bbox 419 2587 460 2630; x_wconf 82' lang='lat' dir='ltr'><strong>aa</strong></span> <span class='ocrx_word' id='word_1_223' title='bbox 480 2587 534 2628; x_wconf 87' lang='lat' dir='ltr'><strong>ore</strong></span> <span class='ocrx_word' id='word_1_224' title='bbox 555 2575 611 2629; x_wconf 83' lang='lat' dir='ltr'><strong>tao</strong></span> <span class='ocrx_word' id='word_1_225' title='bbox 632 2566 888 2628; x_wconf 83' lang='lat' dir='ltr'><strong>condemnaberis</strong></span> <span class='ocrx_word' id='word_1_226' title='bbox 894 2589 908 2641; x_wconf 89' lang='lat'><strong>,·</strong></span> <span class='ocrx_word' id='word_1_227' title='bbox 928 2576 1034 2629; x_wconf 87' lang='lat' dir='ltr'><strong>tamen</strong></span> <span class='ocrx_word' id='word_1_228' title='bbox 1053 2571 1182 2648; x_wconf 88' lang='lat' dir='ltr'><strong>pietatis</strong></span> <span class='ocrx_word' id='word_1_229' title='bbox 1201 2569 1253 2633; x_wconf 89' lang='lat' dir='ltr'><strong>in-</strong></span> 
     </span>
     <span class='ocr_line' id='line_1_28' title="bbox 100 2650 1252 2740; baseline -0.001 -22"><span class='ocrx_word' id='word_1_230' title='bbox 100 2657 181 2718; x_wconf 86' lang='lat' dir='ltr'><strong>tuitu</strong></span> <span class='ocrx_word' id='word_1_231' title='bbox 203 2661 237 2716; x_wconf 88' lang='lat' dir='ltr'><strong>et</strong></span> <span class='ocrx_word' id='word_1_232' title='bbox 256 2653 405 2735; x_wconf 87' lang='lat' dir='ltr'><strong>parcendi</strong></span> <span class='ocrx_word' id='word_1_233' title='bbox 424 2655 508 2716; x_wconf 75' lang='lat' dir='ltr'><strong>nam</strong></span> <span class='ocrx_word' id='word_1_234' title='bbox 529 2653 693 2732; x_wconf 88' lang='lat' dir='ltr'><strong>pandimus</strong></span> <span class='ocrx_word' id='word_1_235' title='bbox 713 2660 747 2713; x_wconf 92' lang='lat' dir='ltr'><strong>et</strong></span> <span class='ocrx_word' id='word_1_236' title='bbox 762 2650 816 2728; x_wconf 80' lang='lat'><strong>²⁰)</strong></span> <span class='ocrx_word' id='word_1_237' title='bbox 837 2653 1079 2718; x_wconf 82' lang='lat' dir='ltr'><strong>misericordiam</strong></span> <span class='ocrx_word' id='word_1_238' title='bbox 1099 2669 1252 2740; x_wconf 81' lang='lat' dir='ltr'><strong>proroga·</strong></span> 
     </span>
     <span class='ocr_line' id='line_1_29' title="bbox 100 2737 1253 2824; baseline 0.002 -21"><span class='ocrx_word' id='word_1_239' title='bbox 100 2759 181 2804; x_wconf 87' lang='lat' dir='ltr'><strong>mus.</strong></span> <span class='ocrx_word' id='word_1_240' title='bbox 218 2740 322 2821; x_wconf 89' lang='lat' dir='ltr'><strong>Hujus</strong></span> <span class='ocrx_word' id='word_1_241' title='bbox 358 2757 437 2802; x_wconf 86' lang='lat' dir='ltr'><strong>sane</strong></span> <span class='ocrx_word' id='word_1_242' title='bbox 468 2739 683 2818; x_wconf 87' lang='lat' dir='ltr'><strong>promissionis</strong></span> <span class='ocrx_word' id='word_1_243' title='bbox 714 2739 841 2799; x_wconf 88' lang='lat' dir='ltr'><strong>incaute</strong></span> <span class='ocrx_word' id='word_1_244' title='bbox 872 2737 999 2802; x_wconf 86' lang='lat' dir='ltr'><strong>crudam</strong></span> <span class='ocrx_word' id='word_1_245' title='bbox 1029 2751 1253 2824; x_wconf 78' lang='lat' dir='ltr'><strong>ementemque</strong></span> 
     </span>
     <span class='ocr_line' id='line_1_30' title="bbox 100 2823 1250 2911; baseline 0.003 -22"><span class='ocrx_word' id='word_1_246' title='bbox 100 2832 277 2908; x_wconf 85' lang='lat' dir='ltr'><strong>temperare</strong></span> <span class='ocrx_word' id='word_1_247' title='bbox 307 2827 495 2888; x_wconf 84' lang='lat' dir='ltr'><strong>sententiam</strong></span> <span class='ocrx_word' id='word_1_248' title='bbox 523 2825 575 2886; x_wconf 88' lang='lat' dir='ltr'><strong>illa</strong></span> <span class='ocrx_word' id='word_1_249' title='bbox 608 2842 701 2904; x_wconf 82' lang='lat' dir='ltr'><strong>quam</strong></span> <span class='ocrx_word' id='word_1_250' title='bbox 716 2827 719 2835; x_wconf 74' lang='grc'>“</span> <span class='ocrx_word' id='word_1_251' title='bbox 732 2823 868 2884; x_wconf 83' lang='lat' dir='ltr'><strong>maxime</strong></span> <span class='ocrx_word' id='word_1_252' title='bbox 900 2826 1111 2906; x_wconf 90' lang='lat' dir='ltr'><strong>compellimur</strong></span> <span class='ocrx_word' id='word_1_253' title='bbox 1142 2846 1250 2911; x_wconf 85' lang='lat' dir='ltr'><strong>causa,</strong></span> 
     </span>
     <span class='ocr_line' id='line_1_31' title="bbox 99 2909 1252 2996; baseline 0.002 -22"><span class='ocrx_word' id='word_1_254' title='bbox 99 2914 185 2995; x_wconf 87' lang='lat' dir='ltr'><strong>quod</strong></span> <span class='ocrx_word' id='word_1_255' title='bbox 204 2913 286 2974; x_wconf 89' lang='lat' dir='ltr'><strong>haee</strong></span> <span class='ocrx_word' id='word_1_256' title='bbox 306 2911 368 2974; x_wconf 91' lang='lat' dir='ltr'><strong>duo</strong></span> <span class='ocrx_word' id='word_1_257' title='bbox 388 2912 471 2972; x_wconf 90' lang='lat' dir='ltr'><strong>mala</strong></span> <span class='ocrx_word' id='word_1_258' title='bbox 490 2909 567 2972; x_wconf 86' lang='lat' dir='ltr'><strong>licet</strong></span> <span class='ocrx_word' id='word_1_259' title='bbox 586 2911 650 2970; x_wconf 90' lang='lat' dir='ltr'><strong>sint</strong></span> <span class='ocrx_word' id='word_1_260' title='bbox 671 2909 793 2970; x_wconf 88' lang='lat' dir='ltr'><strong>omnino</strong></span> <span class='ocrx_word' id='word_1_261' title='bbox 814 2909 997 2973; x_wconf 90' lang='lat' dir='ltr'><strong>cautissime</strong></span> <span class='ocrx_word' id='word_1_262' title='bbox 1022 2913 1252 2996; x_wconf 87' lang='lat' dir='ltr'><strong>praecavenda,</strong></span> 
     </span>
     <span class='ocr_line' id='line_1_32' title="bbox 100 2995 1254 3079; baseline 0.002 -20"><span class='ocrx_word' id='word_1_263' title='bbox 100 3012 208 3060; x_wconf 86' lang='lat' dir='ltr'><strong>tamen</strong></span> <span class='ocrx_word' id='word_1_264' title='bbox 229 2999 258 3058; x_wconf 90' lang='lat' dir='ltr'><strong>si</strong></span> <span class='ocrx_word' id='word_1_265' title='bbox 274 2997 404 3076; x_wconf 90' lang='lat' dir='ltr'><strong>periculi</strong></span> <span class='ocrx_word' id='word_1_266' title='bbox 422 2997 602 3058; x_wconf 85' lang='lat' dir='ltr'><strong>necessitas</strong></span> <span class='ocrx_word' id='word_1_267' title='bbox 621 3013 663 3056; x_wconf 87' lang='lat' dir='ltr'><strong>ex</strong></span> <span class='ocrx_word' id='word_1_268' title='bbox 685 2995 735 3056; x_wconf 90' lang='lat' dir='ltr'><strong>his</strong></span> <span class='ocrx_word' id='word_1_269' title='bbox 754 3013 849 3056; x_wconf 91' lang='lat' dir='ltr'><strong>unum</strong></span> <span class='ocrx_word' id='word_1_270' title='bbox 870 3003 1022 3058; x_wconf 88' lang='lat' dir='ltr'><strong>temerare</strong></span> <span class='ocrx_word' id='word_1_271' title='bbox 1038 2997 1094 3076; x_wconf 77' lang='grc' dir='ltr'><strong>Η)</strong></span> <span class='ocrx_word' id='word_1_272' title='bbox 1120 3017 1254 3079; x_wconf 87' lang='lat' dir='ltr'><strong>eompu-</strong></span> 
     </span>
     <span class='ocr_line' id='line_1_33' title="bbox 100 3080 1253 3163; baseline 0.002 -19"><span class='ocrx_word' id='word_1_273' title='bbox 100 3084 187 3163; x_wconf 89' lang='lat' dir='ltr'><strong>lerit,</strong></span> <span class='ocrx_word' id='word_1_274' title='bbox 214 3082 246 3143; x_wconf 91' lang='lat' dir='ltr'><strong>id</strong></span> <span class='ocrx_word' id='word_1_275' title='bbox 271 3082 422 3144; x_wconf 85' lang='lat' dir='ltr'><strong>debemus</strong></span> <span class='ocrx_word' id='word_1_276' title='bbox 448 3081 622 3162; x_wconf 88' lang='lat' dir='ltr'><strong>resolvere,</strong></span> <span class='ocrx_word' id='word_1_277' title='bbox 651 3080 735 3160; x_wconf 90' lang='lat' dir='ltr'><strong>quod</strong></span> <span class='ocrx_word' id='word_1_278' title='bbox 760 3080 869 3140; x_wconf 87' lang='lat' dir='ltr'><strong>minori</strong></span> <span class='ocrx_word' id='word_1_279' title='bbox 893 3101 978 3143; x_wconf 87' lang='lat' dir='ltr'><strong>nexu</strong></span> <span class='ocrx_word' id='word_1_280' title='bbox 1004 3085 1145 3146; x_wconf 86' lang='lat' dir='ltr'><strong>noscitur</strong></span> <span class='ocrx_word' id='word_1_281' title='bbox 1170 3085 1253 3148; x_wconf 83' lang='lat' dir='ltr'><strong>obli·</strong></span> 
     </span>
     <span class='ocr_line' id='line_1_34' title="bbox 102 3165 1251 3252; baseline 0.002 -22"><span class='ocrx_word' id='word_1_282' title='bbox 102 3187 180 3252; x_wconf 83' lang='lat' dir='ltr'><strong>gare</strong></span> <span class='ocrx_word' id='word_1_283' title='bbox 194 3167 257 3246; x_wconf 85' lang='lat'><strong>¹²).</strong></span> <span class='ocrx_word' id='word_1_284' title='bbox 286 3165 368 3244; x_wconf 83' lang='lat' dir='ltr'><strong>Quid</strong></span> <span class='ocrx_word' id='word_1_285' title='bbox 388 3175 495 3228; x_wconf 87' lang='lat' dir='ltr'><strong>autern</strong></span> <span class='ocrx_word' id='word_1_286' title='bbox 517 3186 559 3226; x_wconf 86' lang='lat' dir='ltr'><strong>ex</strong></span> <span class='ocrx_word' id='word_1_287' title='bbox 579 3167 629 3228; x_wconf 90' lang='lat' dir='ltr'><strong>his</strong></span> <span class='ocrx_word' id='word_1_288' title='bbox 649 3166 763 3244; x_wconf 79' lang='lat' dir='ltr'><strong>leriae,</strong></span> <span class='ocrx_word' id='word_1_289' title='bbox 782 3165 898 3246; x_wconf 89' lang='lat' dir='ltr'><strong>quidve</strong></span> <span class='ocrx_word' id='word_1_290' title='bbox 919 3169 962 3229; x_wconf 89' lang='lat' dir='ltr'><strong>sit</strong></span> <span class='ocrx_word' id='word_1_291' title='bbox 982 3170 1111 3251; x_wconf 81' lang='lat' dir='ltr'><strong>gravius</strong></span> <span class='ocrx_word' id='word_1_292' title='bbox 1131 3171 1183 3250; x_wconf 97' lang='lat' dir='ltr'><strong>pio</strong></span> <span class='ocrx_word' id='word_1_293' title='bbox 1196 3169 1251 3250; x_wconf 72' lang='grc'><strong>18)</strong></span> 
     </span>
     <span class='ocr_line' id='line_1_35' title="bbox 101 3251 1253 3334; baseline 0 -18"><span class='ocrx_word' id='word_1_294' title='bbox 101 3255 231 3317; x_wconf 86' lang='lat' dir='ltr'><strong>rationis</strong></span> <span class='ocrx_word' id='word_1_295' title='bbox 248 3252 303 3332; x_wconf 69' lang='grc' dir='ltr'><strong>Η)</strong></span> <span class='ocrx_word' id='word_1_296' title='bbox 332 3254 475 3314; x_wconf 85' lang='lat' dir='ltr'><strong>acumine</strong></span> <span class='ocrx_word' id='word_1_297' title='bbox 500 3253 719 3334; x_wconf 80' lang='lat' dir='ltr'><strong>vestigemus3</strong></span> <span class='ocrx_word' id='word_1_298' title='bbox 751 3251 866 3312; x_wconf 85' lang='lat' dir='ltr'><strong>etenim</strong></span> <span class='ocrx_word' id='word_1_299' title='bbox 888 3251 959 3314; x_wconf 92' lang='lat' dir='ltr'><strong>dum</strong></span> <span class='ocrx_word' id='word_1_300' title='bbox 985 3252 1141 3333; x_wconf 87' lang='lat' dir='ltr'><strong>perjurare</strong></span> <span class='ocrx_word' id='word_1_301' title='bbox 1162 3273 1253 3318; x_wconf 85' lang='lat' dir='ltr'><strong>eorn-</strong></span> 
     </span>
     <span class='ocr_line' id='line_1_36' title="bbox 99 3335 1253 3422; baseline 0 -20"><span class='ocrx_word' id='word_1_302' title='bbox 99 3341 255 3422; x_wconf 89' lang='lat' dir='ltr'><strong>pcllimur,</strong></span> <span class='ocrx_word' id='word_1_303' title='bbox 281 3348 453 3402; x_wconf 84' lang='lat' dir='ltr'><strong>creatorem</strong></span> <span class='ocrx_word' id='word_1_304' title='bbox 481 3337 606 3420; x_wconf 90' lang='lat' dir='ltr'><strong>quidem</strong></span> <span class='ocrx_word' id='word_1_305' title='bbox 634 3335 838 3415; x_wconf 88' lang='lat' dir='ltr'><strong>offendimus,</strong></span> <span class='ocrx_word' id='word_1_306' title='bbox 871 3337 929 3399; x_wconf 81' lang='lat' dir='ltr'><strong>aed</strong></span> <span class='ocrx_word' id='word_1_307' title='bbox 955 3356 1014 3400; x_wconf 89' lang='lat' dir='ltr'><strong>nos</strong></span> <span class='ocrx_word' id='word_1_308' title='bbox 1039 3341 1253 3404; x_wconf 89' lang='lat' dir='ltr'><strong>tantummodo</strong></span> 
     </span>
     <span class='ocr_line' id='line_1_37' title="bbox 100 3421 1254 3508; baseline 0.001 -20"><span class='ocrx_word' id='word_1_309' title='bbox 100 3427 311 3506; x_wconf 70' lang='lat' dir='ltr'><strong>maculamus,</strong></span> <span class='ocrx_word' id='word_1_310' title='bbox 335 3443 407 3487; x_wconf 90' lang='lat' dir='ltr'><strong>eum</strong></span> <span class='ocrx_word' id='word_1_311' title='bbox 426 3441 503 3485; x_wconf 85' lang='lat' dir='ltr'><strong>vero</strong></span> <span class='ocrx_word' id='word_1_312' title='bbox 525 3424 619 3484; x_wconf 83' lang='lat' dir='ltr'><strong>noxia</strong></span> <span class='ocrx_word' id='word_1_313' title='bbox 639 3423 793 3508; x_wconf 86' lang='lat' dir='ltr'><strong>promissa</strong></span> <span class='ocrx_word' id='word_1_314' title='bbox 813 3421 1015 3505; x_wconf 83' lang='lat' dir='ltr'><strong>complemus,</strong></span> <span class='ocrx_word' id='word_1_315' title='bbox 1037 3432 1071 3486; x_wconf 88' lang='lat' dir='ltr'><strong>et</strong></span> <span class='ocrx_word' id='word_1_316' title='bbox 1092 3424 1143 3486; x_wconf 86' lang='lat' dir='ltr'><strong>dei</strong></span> <span class='ocrx_word' id='word_1_317' title='bbox 1160 3425 1254 3506; x_wconf 85' lang='lat' dir='ltr'><strong>jussa</strong></span> 
     </span>
     <span class='ocr_line' id='line_1_38' title="bbox 102 3506 1254 3590; baseline 0.001 -17"><span class='ocrx_word' id='word_1_318' title='bbox 102 3513 237 3590; x_wconf 85' lang='lat' dir='ltr'><strong>superbe</strong></span> <span class='ocrx_word' id='word_1_319' title='bbox 256 3510 483 3571; x_wconf 87' lang='lat' dir='ltr'><strong>contemnimus</strong></span> <span class='ocrx_word' id='word_1_320' title='bbox 504 3516 537 3569; x_wconf 93' lang='lat' dir='ltr'><strong>et</strong></span> <span class='ocrx_word' id='word_1_321' title='bbox 561 3509 709 3588; x_wconf 86' lang='lat' dir='ltr'><strong>proximis</strong></span> <span class='ocrx_word' id='word_1_322' title='bbox 731 3506 824 3586; x_wconf 86' lang='lat' dir='ltr'><strong>impia</strong></span> <span class='ocrx_word' id='word_1_323' title='bbox 845 3508 1030 3572; x_wconf 87' lang='lat' dir='ltr'><strong>emdelitate</strong></span> <span class='ocrx_word' id='word_1_324' title='bbox 1047 3529 1198 3575; x_wconf 87' lang='lat' dir='ltr'><strong>nocemus</strong></span> <span class='ocrx_word' id='word_1_325' title='bbox 1219 3521 1254 3574; x_wconf 88' lang='lat' dir='ltr'><strong>et</strong></span> 
     </span>
     <span class='ocr_line' id='line_1_39' title="bbox 102 3591 1255 3675; baseline 0.003 -20"><span class='ocrx_word' id='word_1_326' title='bbox 102 3598 272 3672; x_wconf 87' lang='lat' dir='ltr'><strong>nosipsos</strong></span> <span class='ocrx_word' id='word_1_327' title='bbox 298 3593 460 3655; x_wconf 87' lang='lat' dir='ltr'><strong>crudeliori</strong></span> <span class='ocrx_word' id='word_1_328' title='bbox 484 3596 593 3656; x_wconf 86' lang='lat' dir='ltr'><strong>mortis</strong></span> <span class='ocrx_word' id='word_1_329' title='bbox 619 3593 725 3675; x_wconf 84' lang='lat' dir='ltr'><strong>gladio</strong></span> <span class='ocrx_word' id='word_1_330' title='bbox 752 3591 962 3656; x_wconf 85' lang='lat' dir='ltr'><strong>trucidamus:</strong></span> <span class='ocrx_word' id='word_1_331' title='bbox 994 3595 1058 3656; x_wconf 90' lang='lat' dir='ltr'><strong>illic</strong></span> <span class='ocrx_word' id='word_1_332' title='bbox 1084 3598 1166 3659; x_wconf 88' lang='lat' dir='ltr'><strong>enim</strong></span> <span class='ocrx_word' id='word_1_333' title='bbox 1192 3597 1255 3659; x_wconf 89' lang='lat' dir='ltr'><strong>du-</strong></span> 
     </span>
     <span class='ocr_line' id='line_1_40' title="bbox 101 3675 1254 3763; baseline 0.004 -24"><span class='ocrx_word' id='word_1_334' title='bbox 101 3680 176 3760; x_wconf 89' lang='lat' dir='ltr'><strong>plici</strong></span> <span class='ocrx_word' id='word_1_335' title='bbox 198 3679 356 3758; x_wconf 84' lang='lat' dir='ltr'><strong>culparum</strong></span> <span class='ocrx_word' id='word_1_336' title='bbox 376 3679 439 3739; x_wconf 88' lang='lat' dir='ltr'><strong>telo</strong></span> <span class='ocrx_word' id='word_1_337' title='bbox 459 3680 666 3758; x_wconf 89' lang='lat' dir='ltr'><strong>percutimur,</strong></span> <span class='ocrx_word' id='word_1_338' title='bbox 695 3677 748 3738; x_wconf 90' lang='lat' dir='ltr'><strong>hie</strong></span> <span class='ocrx_word' id='word_1_339' title='bbox 773 3678 934 3757; x_wconf 88' lang='lat' dir='ltr'><strong>tripliciter</strong></span> <span class='ocrx_word' id='word_1_340' title='bbox 954 3675 1142 3763; x_wconf 86' lang='lat' dir='ltr'><strong>jugulamur.</strong></span> <span class='ocrx_word' id='word_1_341' title='bbox 1183 3683 1254 3744; x_wconf 83' lang='lat' dir='ltr'><strong>Re-</strong></span> 
     </span>
     <span class='ocr_line' id='line_1_41' title="bbox 102 3764 1253 3846; baseline 0.001 -19"><span class='ocrx_word' id='word_1_342' title='bbox 102 3773 170 3827; x_wconf 89' lang='lat' dir='ltr'><strong>stat</strong></span> <span class='ocrx_word' id='word_1_343' title='bbox 197 3782 292 3846; x_wconf 85' lang='lat' dir='ltr'><strong>ergo,</strong></span> <span class='ocrx_word' id='word_1_344' title='bbox 320 3771 356 3824; x_wconf 92' lang='lat' dir='ltr'><strong>ut</strong></span> <span class='ocrx_word' id='word_1_345' title='bbox 383 3783 421 3826; x_wconf 91' lang='lat' dir='ltr'><strong>eo</strong></span> <span class='ocrx_word' id='word_1_346' title='bbox 447 3773 556 3826; x_wconf 87' lang='lat' dir='ltr'><strong>nostra</strong></span> <span class='ocrx_word' id='word_1_347' title='bbox 583 3771 697 3845; x_wconf 83' lang='lat' dir='ltr'><strong>pergat</strong></span> <span class='ocrx_word' id='word_1_348' title='bbox 724 3764 903 3844; x_wconf 89' lang='lat' dir='ltr'><strong>sententia,</strong></span> <span class='ocrx_word' id='word_1_349' title='bbox 932 3782 993 3843; x_wconf 90' lang='lat' dir='ltr'><strong>quo</strong></span> <span class='ocrx_word' id='word_1_350' title='bbox 1021 3767 1253 3828; x_wconf 83' lang='lat' dir='ltr'><strong>misericordiae</strong></span> 
     </span>
     <span class='ocr_line' id='line_1_42' title="bbox 100 3847 1254 3931; baseline 0.002 -19"><span class='ocrx_word' id='word_1_351' title='bbox 100 3850 237 3931; x_wconf 88' lang='lat' dir='ltr'><strong>patuerit</strong></span> <span class='ocrx_word' id='word_1_352' title='bbox 263 3851 331 3930; x_wconf 90' lang='lat' dir='ltr'><strong>via,</strong></span> <span class='ocrx_word' id='word_1_353' title='bbox 359 3868 440 3930; x_wconf 85' lang='lat' dir='ltr'><strong>quae</strong></span> <span class='ocrx_word' id='word_1_354' title='bbox 468 3850 513 3912; x_wconf 91' lang='lat' dir='ltr'><strong>ita</strong></span> <span class='ocrx_word' id='word_1_355' title='bbox 539 3849 662 3910; x_wconf 91' lang='lat' dir='ltr'><strong>domino</strong></span> <span class='ocrx_word' id='word_1_356' title='bbox 690 3847 837 3927; x_wconf 90' lang='lat' dir='ltr'><strong>probatur</strong></span> <span class='ocrx_word' id='word_1_357' title='bbox 857 3857 1005 3929; x_wconf 89' lang='lat' dir='ltr'><strong>accepta,</strong></span> <span class='ocrx_word' id='word_1_358' title='bbox 1033 3851 1161 3930; x_wconf 89' lang='lat' dir='ltr'><strong>utplus</strong></span> <span class='ocrx_word' id='word_1_359' title='bbox 1182 3871 1254 3915; x_wconf 89' lang='lat' dir='ltr'><strong>eam</strong></span> 
     </span>
     <span class='ocr_line' id='line_1_43' title="bbox 99 3931 1253 4017; baseline 0.002 -18"><span class='ocrx_word' id='word_1_360' title='bbox 99 3936 223 4017; x_wconf 87' lang='lat' dir='ltr'><strong>cupiat,</strong></span> <span class='ocrx_word' id='word_1_361' title='bbox 245 3953 339 4016; x_wconf 89' lang='lat' dir='ltr'><strong>quam</strong></span> <span class='ocrx_word' id='word_1_362' title='bbox 360 3933 515 3998; x_wconf 87' lang='lat' dir='ltr'><strong>sacrificia</strong></span> <span class='ocrx_word' id='word_1_363' title='bbox 534 3931 724 4014; x_wconf 84' lang='lat' dir='ltr'><strong>veneranda,</strong></span> <span class='ocrx_word' id='word_1_364' title='bbox 746 3931 871 3994; x_wconf 88' lang='lat' dir='ltr'><strong>dicente</strong></span> <span class='ocrx_word' id='word_1_365' title='bbox 891 3933 978 4013; x_wconf 87' lang='lat' dir='ltr'><strong>ipso:</strong></span> <span class='ocrx_word' id='word_1_366' title='bbox 998 3931 1253 4001; x_wconf 79' lang='lat' dir='ltr'><strong>Misericordiam</strong></span> 
     </span>
    </p>
   </div>
   <div class='ocr_carea' id='block_1_3' title="bbox 98 4097 320 4136">
    <p class='ocr_par' dir='ltr' id='par_1_3' title="bbox 98 4097 320 4136">
     <span class='ocr_line' id='line_1_44' title="bbox 98 4097 320 4136; baseline 0 -6"><span class='ocrx_word' id='word_1_367' title='bbox 98 4097 320 4136; x_wconf 48' lang='lat' dir='ltr'><strong>m·</strong></span> 
     </span>
    </p>
   </div>
   <div class='ocr_carea' id='block_1_4' title="bbox 83 4222 1255 4714">
    <p class='ocr_par' dir='ltr' id='par_1_4' title="bbox 136 4222 1255 4299">
     <span class='ocr_line' id='line_1_45' title="bbox 136 4222 1255 4299; baseline 0.007 -21"><span class='ocrx_word' id='word_1_368' title='bbox 136 4231 165 4298; x_wconf 87' lang='lat'><strong>1)</strong></span> <span class='ocrx_word' id='word_1_369' title='bbox 183 4227 303 4295; x_wconf 73' lang='lat' dir='ltr'><strong>peritiora</strong></span> <span class='ocrx_word' id='word_1_370' title='bbox 321 4229 359 4280; x_wconf 86' lang='lat' dir='ltr'><strong>M.</strong></span> <span class='ocrx_word' id='word_1_371' title='bbox 394 4257 427 4267; x_wconf 92' lang='lat'><em>-</em></span> <span class='ocrx_word' id='word_1_372' title='bbox 472 4227 502 4295; x_wconf 66' lang='grc' dir='ltr'><strong>ἱ)</strong></span> <span class='ocrx_word' id='word_1_373' title='bbox 517 4227 662 4295; x_wconf 70' lang='grc' dir='ltr'><em>μινονοοοῑο</em></span> <span class='ocrx_word' id='word_1_374' title='bbox 680 4222 708 4276; x_wconf 88' lang='lat' dir='ltr'><strong>in</strong></span> <span class='ocrx_word' id='word_1_375' title='bbox 725 4229 766 4277; x_wconf 71' lang='lat' dir='ltr'><strong>mi</strong></span> <span class='ocrx_word' id='word_1_376' title='bbox 778 4223 815 4278; x_wconf 85' lang='lat' dir='ltr'><strong>M.</strong></span> <span class='ocrx_word' id='word_1_377' title='bbox 848 4251 884 4264; x_wconf 67' lang='grc'><strong>«-</strong></span> <span class='ocrx_word' id='word_1_378' title='bbox 920 4229 949 4294; x_wconf 70' lang='grc'><strong>3)</strong></span> <span class='ocrx_word' id='word_1_379' title='bbox 967 4229 1100 4295; x_wconf 78' lang='lat' dir='ltr'><strong>impedere</strong></span> <span class='ocrx_word' id='word_1_380' title='bbox 1114 4231 1143 4286; x_wconf 88' lang='lat' dir='ltr'><strong>in</strong></span> <span class='ocrx_word' id='word_1_381' title='bbox 1160 4238 1188 4299; x_wconf 85' lang='lat' dir='ltr'><strong>t,</strong></span> <span class='ocrx_word' id='word_1_382' title='bbox 1205 4240 1255 4286; x_wconf 77' lang='lat' dir='ltr'><strong>im-</strong></span> 
     </span>
    </p>

    <p class='ocr_par' dir='ltr' id='par_1_5' title="bbox 113 4293 1255 4436">
     <span class='ocr_line' id='line_1_46' title="bbox 170 4293 1255 4370; baseline 0.007 -22"><span class='ocrx_word' id='word_1_383' title='bbox 170 4299 282 4364; x_wconf 81' lang='lat' dir='ltr'><strong>prudens</strong></span> <span class='ocrx_word' id='word_1_384' title='bbox 299 4298 377 4350; x_wconf 88' lang='lat' dir='ltr'><strong>inm.</strong></span> <span class='ocrx_word' id='word_1_385' title='bbox 394 4300 433 4350; x_wconf 89' lang='lat' dir='ltr'><strong>M.</strong></span> <span class='ocrx_word' id='word_1_386' title='bbox 473 4327 509 4338; x_wconf 86' lang='lat'>-</span> <span class='ocrx_word' id='word_1_387' title='bbox 555 4298 585 4364; x_wconf 81' lang='lat'><strong>⁴)</strong></span> <span class='ocrx_word' id='word_1_388' title='bbox 607 4297 676 4347; x_wconf 83' lang='lat' dir='ltr'><strong>Unde</strong></span> <span class='ocrx_word' id='word_1_389' title='bbox 692 4295 759 4359; x_wconf 80' lang='lat' dir='ltr'><strong>Jolr,</strong></span> <span class='ocrx_word' id='word_1_390' title='bbox 773 4293 880 4362; x_wconf 73' lang='lat' dir='ltr'><strong>joanna</strong></span> <span class='ocrx_word' id='word_1_391' title='bbox 896 4301 1025 4360; x_wconf 82' lang='lat' dir='ltr'><strong>passionis</strong></span> <span class='ocrx_word' id='word_1_392' title='bbox 1041 4315 1103 4352; x_wconf 84' lang='lat' dir='ltr'><strong>soce</strong></span> <span class='ocrx_word' id='word_1_393' title='bbox 1120 4307 1255 4370; x_wconf 72' lang='lat' dir='ltr'><strong>ceperim-</strong></span> 
     </span>
     <span class='ocr_line' id='line_1_47' title="bbox 113 4365 1255 4436; baseline 0.004 -16"><span class='ocrx_word' id='word_1_394' title='bbox 113 4381 133 4396; x_wconf 78' lang='grc'><strong>”</strong></span> <span class='ocrx_word' id='word_1_395' title='bbox 169 4373 224 4432; x_wconf 72' lang='lat' dir='ltr'><strong>lin,</strong></span> <span class='ocrx_word' id='word_1_396' title='bbox 249 4368 394 4434; x_wconf 75' lang='lat' dir='ltr'><strong>impartiens</strong></span> <span class='ocrx_word' id='word_1_397' title='bbox 416 4365 573 4435; x_wconf 73' lang='lat' dir='ltr'><strong>patientibus</strong></span> <span class='ocrx_word' id='word_1_398' title='bbox 594 4367 723 4430; x_wconf 76' lang='lat' dir='ltr'><strong>passionis</strong></span> <span class='ocrx_word' id='word_1_399' title='bbox 745 4376 809 4415; x_wconf 78' lang='lat' dir='ltr'><strong>eane</strong></span> <span class='ocrx_word' id='word_1_400' title='bbox 824 4367 976 4432; x_wconf 71' lang='lat' dir='ltr'><strong>palmariam</strong></span> <span class='ocrx_word' id='word_1_401' title='bbox 994 4371 1167 4436; x_wconf 76' lang='lat' dir='ltr'><strong>nrnnoralnrt,</strong></span> <span class='ocrx_word' id='word_1_402' title='bbox 1191 4391 1255 4424; x_wconf 77' lang='lat' dir='ltr'><strong>erra-</strong></span> 
     </span>
    </p>

    <p class='ocr_par' dir='ltr' id='par_1_6' title="bbox 169 4433 1255 4505">
     <span class='ocr_line' id='line_1_48' title="bbox 169 4433 1255 4505; baseline 0.006 -19"><span class='ocrx_word' id='word_1_403' title='bbox 169 4448 274 4504; x_wconf 71' lang='lat' dir='ltr'><strong>flentque</strong></span> <span class='ocrx_word' id='word_1_404' title='bbox 295 4437 323 4488; x_wconf 89' lang='lat' dir='ltr'><strong>ia</strong></span> <span class='ocrx_word' id='word_1_405' title='bbox 341 4455 376 4489; x_wconf 86' lang='lat' dir='ltr'><strong>nr.</strong></span> <span class='ocrx_word' id='word_1_406' title='bbox 393 4439 431 4490; x_wconf 90' lang='lat' dir='ltr'><strong>M.</strong></span> <span class='ocrx_word' id='word_1_407' title='bbox 478 4467 515 4478; x_wconf 86' lang='lat'><strong>--</strong></span> <span class='ocrx_word' id='word_1_408' title='bbox 564 4435 595 4502; x_wconf 69' lang='grc'><strong>6)</strong></span> <span class='ocrx_word' id='word_1_409' title='bbox 617 4434 743 4496; x_wconf 84' lang='lat' dir='ltr'><strong>Job.2tl‚</strong></span> <span class='ocrx_word' id='word_1_410' title='bbox 766 4433 808 4484; x_wconf 81' lang='lat'><strong>13.</strong></span> <span class='ocrx_word' id='word_1_411' title='bbox 857 4465 893 4474; x_wconf 90' lang='lat'><strong>—-</strong></span> <span class='ocrx_word' id='word_1_412' title='bbox 942 4439 971 4505; x_wconf 71' lang='grc' dir='ltr'><strong>θ)</strong></span> <span class='ocrx_word' id='word_1_413' title='bbox 993 4437 1118 4504; x_wconf 69' lang='lat' dir='ltr'><strong>tonsu,</strong></span> <span class='ocrx_word' id='word_1_414' title='bbox 1140 4443 1184 4494; x_wconf 78' lang='lat'><strong>25.</strong></span> <span class='ocrx_word' id='word_1_415' title='bbox 1219 4473 1255 4482; x_wconf 92' lang='lat'><strong>—</strong></span> 
     </span>
    </p>

    <p class='ocr_par' dir='ltr' id='par_1_7' title="bbox 83 4503 1255 4714">
     <span class='ocr_line' id='line_1_49' title="bbox 138 4503 1255 4576; baseline 0.005 -20"><span class='ocrx_word' id='word_1_416' title='bbox 138 4507 557 4569; x_wconf 72' lang='lat' dir='ltr'><strong>r)m2M.-Prov.24,11.</strong></span> <span class='ocrx_word' id='word_1_417' title='bbox 582 4531 618 4544; x_wconf 79' lang='lat'><strong>--</strong></span> <span class='ocrx_word' id='word_1_418' title='bbox 654 4503 903 4569; x_wconf 66' lang='lat' dir='ltr'><strong>⁸)2Sam.l,·lfia</strong></span> <span class='ocrx_word' id='word_1_419' title='bbox 930 4537 966 4547; x_wconf 87' lang='lat'>-</span> <span class='ocrx_word' id='word_1_420' title='bbox 1001 4509 1255 4576; x_wconf 80' lang='lat' dir='ltr'><strong>·)Mattl.12,37.</strong></span> 
     </span>
     <span class='ocr_line' id='line_1_50' title="bbox 83 4572 1254 4645; baseline 0.007 -19"><span class='ocrx_word' id='word_1_421' title='bbox 83 4573 324 4644; x_wconf 67' lang='lat' dir='ltr'><strong>&#39;1⁰)qniotM.</strong></span> <span class='ocrx_word' id='word_1_422' title='bbox 367 4607 403 4620; x_wconf 87' lang='lat'><em>-</em></span> <span class='ocrx_word' id='word_1_423' title='bbox 447 4580 656 4641; x_wconf 72' lang='lat' dir='ltr'><strong>llllemperere</strong></span> <span class='ocrx_word' id='word_1_424' title='bbox 672 4573 700 4624; x_wconf 89' lang='lat' dir='ltr'><strong>iu</strong></span> <span class='ocrx_word' id='word_1_425' title='bbox 717 4590 752 4625; x_wconf 88' lang='lat' dir='ltr'><strong>m·</strong></span> <span class='ocrx_word' id='word_1_426' title='bbox 769 4572 806 4625; x_wconf 88' lang='grc' dir='ltr'><strong>Μ.</strong></span> <span class='ocrx_word' id='word_1_427' title='bbox 847 4601 883 4613; x_wconf 84' lang='lat'><strong>-··</strong></span> <span class='ocrx_word' id='word_1_428' title='bbox 931 4575 1148 4645; x_wconf 73' lang='lat' dir='ltr'><strong>¹²)oblipariin</strong></span> <span class='ocrx_word' id='word_1_429' title='bbox 1166 4598 1199 4633; x_wconf 87' lang='lat' dir='ltr'><strong>m.</strong></span> <span class='ocrx_word' id='word_1_430' title='bbox 1217 4583 1254 4634; x_wconf 88' lang='lat' dir='ltr'><strong>M.</strong></span> 
     </span>
     <span class='ocr_line' id='line_1_51' title="bbox 115 4643 1089 4714; baseline 0.002 -18"><span class='ocrx_word' id='word_1_431' title='bbox 115 4647 166 4714; x_wconf 74' lang='lat'><strong>1³)</strong></span> <span class='ocrx_word' id='word_1_432' title='bbox 183 4662 232 4714; x_wconf 73' lang='lat' dir='ltr'><strong>pro</strong></span> <span class='ocrx_word' id='word_1_433' title='bbox 250 4646 288 4699; x_wconf 89' lang='lat' dir='ltr'><strong>M.</strong></span> <span class='ocrx_word' id='word_1_434' title='bbox 324 4675 360 4686; x_wconf 86' lang='lat'><em>-</em></span> <span class='ocrx_word' id='word_1_435' title='bbox 400 4646 450 4711; x_wconf 75' lang='grc' dir='ltr'><strong>Ν)</strong></span> <span class='ocrx_word' id='word_1_436' title='bbox 467 4647 585 4712; x_wconf 60' lang='lat' dir='ltr'><strong>putatis,</strong></span> <span class='ocrx_word' id='word_1_437' title='bbox 610 4646 643 4697; x_wconf 79' lang='lat' dir='ltr'><strong>al.</strong></span> <span class='ocrx_word' id='word_1_438' title='bbox 661 4659 743 4710; x_wconf 79' lang='lat' dir='ltr'><strong>purae</strong></span> <span class='ocrx_word' id='word_1_439' title='bbox 757 4644 869 4696; x_wconf 69' lang='lat' dir='ltr'><strong>rationis</strong></span> <span class='ocrx_word' id='word_1_440' title='bbox 885 4643 914 4695; x_wconf 91' lang='lat' dir='ltr'><strong>in</strong></span> <span class='ocrx_word' id='word_1_441' title='bbox 930 4661 964 4697; x_wconf 85' lang='lat' dir='ltr'><strong>m.</strong></span> <span class='ocrx_word' id='word_1_442' title='bbox 980 4646 1018 4698; x_wconf 88' lang='lat' dir='ltr'><strong>M.</strong></span> <span class='ocrx_word' id='word_1_443' title='bbox 1053 4676 1089 4688; x_wconf 92' lang='lat'><em>-</em></span> 
     </span>
    </p>
   </div>
   <div class='ocr_carea' id='block_1_5' title="bbox 1011 4732 1085 4792">
    <p class='ocr_par' dir='ltr' id='par_1_8' title="bbox 1011 4732 1085 4792">
     <span class='ocr_line' id='line_1_52' title="bbox 1011 4732 1085 4792; baseline 0 0"><span class='ocrx_word' id='word_1_444' title='bbox 1011 4732 1085 4792; x_wconf 73' lang='lat'><strong>18*</strong></span> 
     </span>
    </p>
   </div>
   <div class='ocr_carea' id='block_1_6' title="bbox 0 0 1461 5060">
    <p class='ocr_par' dir='ltr' id='par_1_9' title="bbox 0 0 1461 5060">
     <span class='ocr_line' id='line_1_53' title="bbox 0 0 1461 5060; baseline 0 0"><span class='ocrx_word' id='word_1_445' title='bbox 0 0 1461 5060; x_wconf 95' lang='lat' dir='ltr'><strong> </strong></span> 
     </span>
    </p>
   </div>
  </div>
 </body>
</html>
