2912 5060
292 361 297 371 q
410 279 631 348 conomun
651 281 908 349 uonurraun
925 283 973 348 ur.
1205 285 1269 351 arc

109 454 143 516 in
170 446 327 515 nonnullis
346 449 399 513 vel
420 451 562 516 haeresis
583 452 635 515 vel
655 425 850 540 gentilitatis
861 451 1097 534 necessitate¹)
1127 471 1182 538 per
1202 453 1266 517 lli-

7 539 8 544 ’
109 535 474 618 spaniarumeoclesias
500 537 669 602 canonicus
690 539 929 620 praetermissus
950 545 1001 605 est
1021 537 1111 620 ordo,
1139 538 1211 602 dum
1233 550 1267 603 et

109 623 239 686 licentia
265 621 436 684 abundaret
456 621 703 706 transgrediendi
723 632 757 686 et
777 624 959 704 disciplinae
981 624 1066 704 optio
1087 631 1264 706 negaretur,

110 707 247 790 dumque
269 707 370 768 omnis
390 725 546 770 excessus
566 707 707 770 haeresis
727 709 884 771 foveretur
902 707 1088 790 patrocinio,
1107 716 1143 770 ut
1162 707 1263 770 abun-

5 803 7 818 '
110 793 249 859 dentiam
275 791 349 852 mali
375 797 529 871 temperet
554 790 705 856 districtio
732 793 914 874 disciplinae
924 791 975 876 ²),
1003 811 1085 874 pace
1105 793 1262 862 ecclesiae
1314 805 1316 816 '

110 878 231 943 Christi
255 875 467 938 misericordia
492 884 649 958 reparata,
683 895 774 940 omne
801 877 884 958 quod
910 879 1080 958 priscomm
1107 893 1261 941 canonum

110 961 284 1027 auctoritas
304 959 449 1042 prohibet
473 962 515 1022 sit
535 971 719 1045 resurgente
738 961 903 1044 disciplina
922 963 1100 1041 inhibitum,
1125 970 1159 1024 et
1179 981 1261 1046 aga·

110 1057 164 1110 tur
186 1063 277 1108 omne
297 1043 381 1126 quod
407 1044 612 1125 praecepit³)
641 1045 726 1130 fieri3
751 1055 897 1112 maneant
917 1047 949 1109 in
969 1065 1029 1110 suo
1047 1049 1159 1129 vigore
1181 1065 1261 1110 con·

110 1131 250 1196 ciliomm
264 1131 398 1191 omnium
413 1131 594 1210 constituto,
614 1131 705 1193 simul
722 1141 756 1194 et
775 1133 948 1216 synodicae
968 1139 1146 1195 sanctorum
1165 1133 1260 1213 pr'ac-

5 1225 6 1230 ’
109 1217 212 1280 sulum
232 1215 442 1279 Romanorum
463 1214 637 1298 epistolao;
668 1217 770 1278 nullus
796 1215 946 1298 deinceps
973 1215 1014 1280 ad
1039 1217 1260 1298 promerendos
1295 1277 1301 1286 ,
1347 1233 1349 1236 ·

110 1303 245 1364 honores
260 1300 497 1363 ecclesiasticos
512 1307 620 1363 contra
635 1303 735 1364 vetita
751 1321 904 1364 canonum
913 1300 948 1380 ⁴)
963 1302 1080 1381 aspiret
1100 1301 1260 1386 indignum

108 1379 185 1453 nihil
206 1402 249 1446 ex
268 1383 330 1447 hoc
350 1383 415 1465 liat,
433 1383 516 1466 quod
537 1386 640 1447 sancti
659 1395 765 1468 patres
786 1387 894 1467 spiritu
914 1383 966 1448 dei
986 1387 1070 1467 pleni
1090 1393 1260 1448 sanxomnt

108 1472 224 1535 debere
244 1487 307 1530 non
327 1467 404 1550 lieri,
425 1478 459 1531 et
479 1468 531 1554 qui
551 1471 794 1555 praesumpserit
814 1470 986 1536 severitate
1003 1470 1137 1556 priorum
1157 1489 1257 1535 cauo-

107 1574 184 1620 num
202 1554 411 1638 distringatur.

58 1737 64 1750 ⁸
169 1771 173 1783 f
194 1723 255 1806 Pro
281 1725 457 1788 reverentia
483 1725 702 1790 sanctissimae
723 1725 797 1789 lidei
818 1735 852 1788 et
871 1731 998 1807 propter
1016 1719 1258 1788 corroborandos

110 1809 268 1884 hominum
295 1808 450 1874 invalidas
477 1818 601 1874 mentes
633 1811 777 1874 consultu
812 1811 943 1892 piissimi
976 1818 1009 1872 et
1041 1808 1277 1892 gloriosissimiu
1351 1889 1352 1892 Ἴ

109 1893 271 1974 doniam)
306 1893 464 1958 Reoaredi
497 1895 584 1978 regis
617 1905 729 1959 sancta
758 1897 920 1958 constituit
948 1895 1108 1978 synodus:
1140 1902 1176 1956 ut
1202 1913 1258 1976 per

108 1999 221 2043 omnes
242 1979 397 2042 ecclesias
417 1981 600 2062 Hispaniae,
621 1979 789 2068 Galliael)
809 1981 862 2042 vel
883 1979 1065 2044 Gallaeciae
1086 1977 1258 2042 secundum

109 2066 237 2130 formam
258 2066 450 2139 orientalium
471 2067 685 2147 ecclesiarum,
705 2067 827 2130 concilii
844 2065 1178 2145 Constantinopolitanl
1196 2064 1258 2127 boo

109 2159 163 2214 est
184 2157 310 2214 centum
330 2151 554 2234 quinquaginta
574 2152 791 2233 episcoporum
814 2152 988 2234 symbolum
1008 2150 1082 2212 fidei
1102 2151 1258 2230 recitetur,
1359 2165 1365 2178 ·

109 2245 146 2298 ut
166 2237 345 2318 priusquam
367 2235 522 2298 dominica
538 2235 659 2300 dicatur
673 2239 771 2300 oratio
784 2256 867 2300 voce
887 2237 972 2299 clara
992 2255 1012 2298 a
1031 2236 1144 2316 populo
1165 2253 1260 2315 prae-

110 2320 289 2400 dicaturi),
311 2339 372 2403 quo
393 2332 426 2383 et
446 2321 528 2384 fides
547 2339 623 2384 vera
645 2324 841 2384 manifestum
862 2321 1207 2384 testimoniumhabeat
1226 2326 1261 2381 et

109 2406 153 2470 ad
175 2406 291 2470 Christi
317 2424 431 2487 corpus
458 2415 492 2469 et
517 2407 702 2490 sanguinem
726 2405 956 2490 praelibandum
976 2414 1108 2490 pectora
1127 2404 1261 2488 populo-

110 2510 178 2556 rum
197 2489 258 2554 fide
278 2491 442 2574 purificata
461 2491 623 2556 accedant.
728 2502 732 2571 j

195 2661 286 2725 llaec
313 2659 595 2742 sanctasynodus
625 2576 712 2742 mill}
726 2662 943 2742 episcoporum
969 2659 1128 2724 licentiam
1157 2655 1261 2720 tribuit

2 2819 5 2826 7
111 2765 165 2812 res
186 2747 321 2808 alienare
343 2745 511 2826 ecclesiae,
532 2745 676 2826 quoniam
698 2755 731 2808 et
752 2746 974 2826 antiquioribus
994 2743 1165 2808 canonibus
1185 2760 1261 2822 pro-

109 2823 316 2910 bibentum:
349 2831 379 2892 si
404 2830 480 2912 quid
500 2849 576 2892 vero
598 2831 682 2912 quod
701 2833 865 2894 utilitatem
886 2837 1081 2914 nongravet
1102 2827 1260 2891 eeclesiae

110 2937 167 3000 pro
189 2916 339 2999 suffragio
359 2915 578 2979 monachorum
599 2916 640 2980 ad
659 2935 750 2980 suam
769 2916 947 2997 parochiam
966 2914 1185 2997 pertinentium
1200 2911 1260 2974 de-

111 3003 212 3066 derint
222 3001 272 3082 ⁰),
293 3001 412 3062 firmum
432 3008 576 3082 maneat3
604 3003 835 3085 peregrinorum
854 3021 930 3064 vero
951 3002 1005 3063 vel
1026 3001 1206 3064 clericorum
1227 3003 1261 3058 et

109 3105 283 3172 egenorum
301 3087 485 3150 necessitati
506 3085 596 3148 salvo
619 3085 689 3168 jure
718 3089 874 3152 ecclesiae
891 3095 1055 3170 praestaro
1075 3083 1262 3168 permittun-

111 3173 225 3255 tur10)
245 3190 300 3256 pro
322 3179 462 3254 tempore
482 3170 543 3254 qud
563 3173 728 3253 potuerint.

198 3341 236 3404 Si
256 3342 426 3424 episcopus
444 3358 537 3405 unam
557 3339 598 3404 de
617 3339 826 3422 parochitanis
841 3337 896 3418 ¹¹)
925 3336 1071 3400 ecclesiis
1097 3335 1164 3398 suis
1184 3332 1263 3412 lmo-

111 3427 280 3492 hasterium
300 3425 405 3489 dicare
417 3425 472 3504 ¹²)
499 3427 648 3509 voluerit,
674 3426 760 3488 utin
781 3441 821 3486 ea
840 3423 1060 3486 monachorum
1079 3419 1262 3504 regulariter

112 3513 319 3594 congregatio
333 3513 432 3591 vivat,
453 3511 515 3575 hoc
530 3511 570 3574 de
585 3530 743 3575 consensu
759 3509 885 3590 concilii
903 3511 953 3571 sui
971 3509 1087 3570 habeat
1107 3505 1263 3568 licentiam
1317 3585 1318 3590 ἵ

114 3594 266 3679 facienda
295 3595 353 3674 qui
368 3595 461 3656 etiam
481 3596 510 3660 si
531 3597 571 3662 de
592 3599 685 3662 rebus
707 3595 863 3660 ecclesiae
883 3613 939 3675 pro
960 3613 1067 3658 eomm
1087 3589 1263 3654 substantia

116 3677 233 3764 aliquid
246 3677 329 3759 quod
346 3677 560 3746 detrimentum
576 3683 732 3750 ecelesiae
753 3691 815 3742 non
836 3678 1049 3758 exhibeat¹³)
1071 3676 1173 3738 eidem
1193 3676 1264 3736 loco

115 3764 295 3844 donaverit,
315 3763 358 3826 sit
378 3763 505 3826 stabile:
525 3767 570 3832 rei
589 3769 670 3831 enim
690 3769 792 3830 bonae
813 3764 1000 3828 statuendae
1020 3769 1165 3827 sanetum
1186 3777 1266 3823 cou-

68 3875 72 3880 ’
114 3851 220 3916 cilium
240 3849 492 3912 datasseusum.
877 3853 879 3860 '

114 4009 316 4029 'an——

154 4083 653 4220 'tottii't‘tblttssditi
667 4081 905 4222 “llllttftltl
916 4079 1267 4212 ttttttttltttt

188 4229 284 4290 teperet
300 4223 374 4274 distr.
394 4225 459 4281 disc.¹
474 4226 506 4277 Α.
525 4229 552 4276 et
568 4226 636 4281 lua
680 4253 715 4264 -
769 4223 798 4292 ³)
816 4223 943 4294 praecipit
959 4221 996 4280 itt.
1031 4251 1065 4260 -
1115 4227 1134 4252 “-
1203 4225 1204 4232 ’

72 4317 79 4334 ι
154 4295 184 4359 ⁴)
203 4297 292 4342 catara
309 4308 431 4344 canariam
448 4299 547 4346 statmo
570 4295 598 4346 in
615 4313 650 4347 rn.
667 4295 705 4360 Μ,
751 4317 786 4329 -
839 4294 868 4359 ὅ)
893 4291 976 4343 nostri
997 4289 1057 4342 add.
1074 4291 1111 4344 Mi
1146 4319 1181 4355 7-

127 4375 130 4382 ⁴
154 4365 185 4428 θ)
207 4361 310 4412 Grillius
329 4361 403 4414 deest
420 4367 490 4430 apud
506 4365 544 4416 Μ.
584 4394 619 4404 -
666 4365 694 4430 l)
712 4361 856 4422 decoratam·
874 4361 926 4424 bl,
942 4362 1065 4412 recitetur
1086 4361 1121 4414 T.
1135 4361 1160 4411 l.
1171 4361 1199 4409 2¹.
1219 4385 1269 4440 .-

156 4427 1272 4570 ‘'obmittit-tr„t’1²t⁰⁵tl“tlttlt⁰'⁰⁶‘tltznr‘tltt‘'¹⁶3

145 4563 205 4636 ’10)
223 4571 405 4646 perrrtlttantar
421 4572 459 4622 Μ.
501 4602 536 4614 -
586 4539 635 4637 fl)
652 4570 815 4638 parochianis
832 4565 860 4622 in
871 4517 967 4645 omniun,
987 4569 1161 4635 paroecianis,
1184 4533 1275 4632 piatio-

194 4639 439 4696 tirannicam.
475 4671 509 4682 -
538 4641 699 4711 1²)attore
717 4641 748 4694 U.
768 4641 801 4692 G.
836 4669 870 4680 --
914 4644 961 4707 ¹³]
981 4638 1136 4690 erlibatbl.
1172 4663 1206 4672 -
