2928 5044
195 211 242 284 48
508 208 741 278 0οΝοΜοΜ
749 207 1042 291 θῦλλλλθΕΧΤλλΜ.

197 377 380 458 κανσνκιῶς
405 373 605 484 άποδίξηται
620 381 685 464 ι·’)
702 383 731 448 εί
760 379 796 448 δί
816 383 884 458 τις·
895 380 1072 475 φωραθείη
1100 375 1194 468 παρά
1222 373 1267 448 ’τά
1293 397 1351 471 γε-’

195 467 378 559 ιιαινέιι
393 468 424 550 ²)
445 469 561 550 ιιιων,
582 461 805 553 αἀοριιιιαω.

686 565 858 632 xxxw.

99 706 105 716 .
204 681 211 690 ·
282 644 354 722 K66
375 651 536 757 τοῦτοί
500 651 536 721 δὲ
557 652 621 722 τοά
641 655 808 762 λερατικοά
830 644 992 727 κανόνος
1002 649 1117 735 σαφῶς
1138 644 1352 760 διαγορεύον·

81 785 84 793 =
197 760 273 820 τος,
303 732 348 814 ῶς
372 731 413 803 τό
441 739 500 824 τῆς
530 739 745 846 συνωμοσίας
772 736 980 824 ἢφρατρίας
1002 739 1177 890 ἔγκλημα.
1182 743 1237 808 καλ
1257 731 1350 823 παρά

89 869 96 877 -
198 826 268 894 τῶν
287 829 345 902 ἐξω
367 819 487 908 νόμων
509 819 704 906 κεκώλυται,
732 825 910 932 πολλῷβὲ
922 825 1091 930 μάλλονέ
1093 849 1113 890 ν
1134 849 1175 918 τη
1165 825 1349 932 ’ἐκκλησία

196 911 296 980 τοῦτο
323 908 534 1016 γίνεσθαι’
512 909 736 999 απαγορεάειν
763 893 937 1018 προςήκει,
967 913 1021 994 καλ
1048 905 1146 1016 ἡμεῖς
1155 853 1350 994 φυλάττειν
1448 929 1449 976 1

198 997 448 1106 σπουδάζομεν,
468 1019 512 1072 ως
532 1001 565 1065 εἴ
577 1023 663 1104 τιγες
684 995 867 1106 αληραιολ
844 1023 866 1082 η
881 998 1024 1102 μσναχοί
1045 993 1252 1100 εὑρεθεῖεν
1230 1023 1251 1083 η
1268 1021 1349 1065 ουν-

199 1077 394 1190 σμνιίμενσι
422 1081 446 1170 6
473 1077 783 1168 φρατριάζοντες
759 1109 780 1169 η
811 1078 1018 1158 κατασκευάς
1031 1079 1249 1188 τορεύοντες
1276 1089 1351 1150 ἐπι-

199 1165 335 1240 σκόπων
347 1164 394 1256 6
422 1172 670 1258 συγκληριιιῶν,
708 1171 958 1252 ἐκπιπτέτωοαν
990 1166 1103 1257 πάντη
1132 1171 1195 1238 τοιί
1226 1171 1349 1238 οἰκείου

196 1243 357 1346 βαθμυῶ,

692 1338 853 1404 XXXV..

282 1418 345 1529 6
365 1421 478 1502 ἐξεστιο
509 1421 578 1490 τινλ
598 1417 667 1490 τῶν
675 1418 830 1532 πάντων
849 1423 1121 1530 μητροπολιτοίν
1126 1421 1351 1498 τελευτῶντος

197 1502 394 1613 ἐπισκόπου,
415 1503 636 1584 τελοῶντος’
613 1502 683 1578 οπο
702 1508 765 1577 τόν
784 1509 848 1576 ’κατ
879 1533 986 1576 αυτον
1008 1506 1153 1595 θρόνον,
1174 1536 1215 1576 τιι
1239 1504 1350 1578 αιίτοιλ

195 1614 240 1681 πρ
224 1590 383 1683 ράγματιι·
402 1591 469 1699 6
443 1596 516 1694 τῆς
525 1589 597 1699 κατ’
618 1589 725 1663 αῶτιίν
746 1597 915 1702 ἐκκλησίας
937 1591 1154 1698 ἀφαιρεῖσθαι
1183 1592 1205 1702 6
1228 1619 1348 1698 σφετε-

196 1683 367 1832 ρίζεσθαι·
397 1672 516 1746 αλλ’(
494 1673 567 1747 υπά
592 1677 880 1786 παραφυλακην
867 1688 1018 1748 ε’στασαν
1046 1684 1108 1748 τοῦ
1136 1675 1257 1790 κλήρου
1288 1681 1349 1782 της
1450 1692 1451 1720 ¹

197 1769 270 1838 ἐκαλ
272 1769 386 1852 ησίας,
424 1759 513 1870 ης
493 1791 509 1830 σ
537 1759 740 1852 τελευτήσας
761 1759 929 1878 ἐτάγχανε
949 1761 1177 1870 πρόεδρος,γ
1163 1769 1258 1854 μέχρι
1286 1768 1348 1846 τῆς

197 1855 311 1937 ἐτέρου
333 1847 516 1918 ἐπισκόπου
537 1855 755 1960 παραγωγῆς,
785 1857 929 1927 ἐκτος’
900 1879 928 1918 ει
950 1877 1007 1958 μη
1027 1855 1173 1956 κληρικσλ
1203 1859 1239 1918 ἐν
1258 1875 1299 1939 τγ
1287 1851 1346 1936 6⁵)

195 1939 349 2024 ἐκκλησίᾳ
373 1930 432 2024 οάχ
453 1930 730 2038 ὑπελείφθησαν·
762 1940 943 2021 τηνικαάτα
965 1934 1026 2024 γάρ
1059 1965 1076 2005 ο
1069 1893 1348 2024 ιμητροπολίτης

196 2028 305 2129 66666
333 2005 605 2127 παραφυλάξει’
583 2023 748 2128 αμείατα,
776 2023 822 2113 τῷ
849 2025 1206 2114 χειροτονηθησομίνηι
1223 2024 1349 2108 666-

197 2104 308 2200 σαόπῳ
329 2102 444 2175 πάντα
462 2101 653 2185 άπσδιδσιλς
684 2191 905 2260 XXXVI

281 2269 582 2377 Ἀνανεοάμενοι
580 2270 622 2342 τοί
651 2271 745 2362 παρά
771 2277 839 2342 τῶν
867 2276 988 2380 ἑκατόν
1008 2272 1218 2361 πεντήκοντα
1240 2271 1346 2380 άγίων

91 2365 94 2376 ’
197 2363 350 2468 πατέρων
379 2363 447 2428 τῶν
474 2367 512 2428 ἐν
540 2362 593 2464 τῇ
610 2357 832 2472 θεοφυλάκτῳ
861 2357 968 2466 ταιλιη
997 2367 1051 2431 καλ
1080 2364 1223 2465 βασιλίδι
1249 2359 1347 2428 πόλει
1451 2421 1452 2426 ,

144 2463 147 2469 '
199 2443 442 2519 συνελθόντων
469 2448 523 2514 καλ
548 2447 616 2514 τῶν
644 2449 819 2525 ἑξακοσίων
847 2441 1025 2560 τριάκοντα
1051 2453 1118 2514 τῶν
1146 2454 1183 2514 ἐν
1204 2449 1346 2556 Χαλκη-

93 2609 96 2622 ,
197 2530 278 2606 δόνι
283 2535 312 2615 ⁵)
329 2527 571 2600 ’συνελθόντων
583 2535 880 2646 νομοθετηθέντα,
884 2531 1099 2641 άρίζομιν,”
1074 2559 1156 2601 ωστε
1171 2530 1347 2601 τδνΚων-

198 2611 504 2694 σταντινουπόλιιος
524 2617 658 2722 θρόνον
678 2621 746 2686 τῶν
768 2624 848 2686 ἴσων
869 2614 1054 2687 οἷπολαιίειν
1074 2622 1261 2705 πρεσβείαν
1281 2619 1345 2686 τοῶ
1452 2621 1453 2640 ’

196 2710 257 2814 τῆς
276 2707 512 2791 πρεσβυτέρας
524 2697 665 2808 Ῥῶμης
692 2696 824 2806 θρόνου
844 2708 936 2772 μαλ’
923 2729 961 2770 εν
982 2721 1051 2779 τοῖς
1072 2708 1351 2810 ἐκκλησιαστικαῖς

196 2792 240 2869 ῶς
271 2798 399 2858 ἐκεῖνον
425 2782 684 2894 μεγαλάνεσθαι
704 2785 902 2894 πράγμασι,
935 2787 1090 2874 (λωίτερον
1117 2789 1192 2894 μετ’
1223 2798 1345 2857 ἐκεῖνον

194 2870 398 2987 ὑπάρχοντα,
413 2870 504 2980 μεθ’
525 2871 564 2940 ὅν
586 2870 606 2940 6
625 2875 684 2978 τῆς
698 2872 948 2977 Ἀλεξανδρέων
966 2870 1222 2982 μεγαλοπόλεας
1243 2871 1345 2978 αριθ-

195 2966 330 3070 μείσθω
353 2952 498 3044 θρόνος,
529 2954 658 3025 εἷταό
660 2960 729 3062 τῆς
748 2955 946 3050 Ἀντιοχέων
959 2963 1008 3050 ⁵,)
1037 2965 1092 3030 καλ
1113 2957 1210 3051 μετά
1222 2964 1344 3032 τοῦτον

198 3049 300 3138 στῆς
322 3043 601 3132 Ἱεροσολυμιτῶν
620 3038 777 3158 πόλεως’
783 3053 806 3127 ).

673 3143 862 3214 XXXVII.

280 3227 422 3318 Ἐπειδή
449 3225 534 3298 κατά
564 3222 746 3336 διαφόρους
778 3225 915 3315 καιροιίς
926 3231 1141 3333 βαρβαρικαί
1168 3227 1352 3336 γεχόνασιν

198 3347 239 3406 εφ
205 3320 313 3387 ’ὀδοι
331 3321 398 3392 καλ
418 3319 567 3384 πλεῖσται
589 3309 701 3392 πόλεις
729 3311 935 3384 ἐντεῦθενι
912 3319 1093 3421 υποχείριοι
1113 3331 1181 3394 τοῖς
1202 3311 1354 3416 άνόχιοις

196 3407 425 3512 κατέστησαν,
453 3395 496 3477 ῶς
525 3405 689 3508 66666666
714 3427 777 3504 μη
760 3395 984 3506 δυγηθῆναι
1012 3399 1073 3470 τόν
1098 3403 1176 3504 τῆς
1186 3396 1345 3486 τοιαύτης

195 3487 323 3567 πόλεως
344 3484 510 3574 πρόεδρον
530 3484 616 3570 μετά
639 3484 703 3573 την
725 3483 777 3552 ἐπ’
783 3482 889 3590 6666
910 3488 1126 3592 χειροτονίαν
1137 3480 1197 3554 τάν
1219 3493 1345 3554 οἰκεῖον

194 3573 330 3666 θρόνον
351 3575 552 3676 καταλαβεῖν
568 3572 624 3638 καί
647 3579 683 3678 εἰ(
703 3568 795 3661 6666
789 3576 962 3674 ιερατιτῇ
978 3567 1178 3639 καταστάσει
1193 3572 1344 3684 ενιδρυν-
1352 3581 1354 3587 ’

195 3667 248 3734 6
249 3679 324 3730 ναι·
345 3661 399 3726 καί
422 3655 508 3724 οὕτω
531 3656 615 3724 κατά
636 3653 676 3724 τό
697 3659 869 3763 κρατῆσαν
890 3645 1046 3734 ὲθόςτάς
1064 3659 1268 3770 χειροτονίας
1288 3659 1344 3725 καλ

195 3771 305 3830 πάντα
326 3745 348 3812 66
369 3769 413 3852 τιχι
403 3737 635 3832 ἐπισκόπῳ’
612 3737 726 3849 666'266
745 3739 904 3830 πράττειν
918 3771 955 3811 τε
972 3747 1027 3811 καλ
1043 3745 1343 3847 μεταχειρίζεσθαι,
1400 3761 1403 3767 ’

194 3831 294 3924 η’μεϊς
314 3827 354 3896 τό
373 3831 487 3934 τίμιον
507 3831 562 3897 καλ
575 3813 771 3934 σεβάσμιον
791 3833 833 3920 τῇ
854 3826 1018 3933 ἱερωσύνη
1033 3811 1269 3932 φυλάττοντες,
1287 3829 1355 3896 καλά

195 3917 362 4025 μηδαμῶς
389 3909 475 4000 πρός
495 3911 609 4000 λάμην
628 3918 696 3984 τῶν
714 3905 986 4068 ἐκκλησιαστικῶν
998 3903 1141 4018 δικαίων
1160 3908 1223 3998 τήν
1238 3919 1344 3980 ἐθνι-

195 4001 262 4091 ιιήν
288 3995 446 4106 ἐπήρειαγ
466 4006 677 4107 ἐνεργεῖσθαι
693 4003 781 4111 βσυλ
784 4027 919 4087 ομενοι,
947 4013 1017 4076 τοῖς
1048 3997 1131 4066 οὕτω
1152 4023 1344 4106 χειροτονη-
1355 4007 1357 4013 ’

197 4100 289 4165 θεῖσι
308 4091 362 4155 καλ
384 4081 436 4192 διά
455 4112 519 4172 την
537 4090 762 4195 προκιιμινην
780 4089 892 4156 αἰτιαν
912 4093 948 4153 ἐν
966 4099 1036 4161 ταῖς
1057 4089 1187 4152 ἑαυτῶν
1209 4083 1259 4192 μη“
1281 4110 1343 4151 κα-

23 4163 26 4170 *
95 4237 99 4246 .
196 4174 338 4244 ταστάσι
356 4166 515 4260 θρόνοις,
536 4169 576 4242 τά
596 4165 801 4258 α’τιρόκριτον
816 4174 846 4257 ⁵)
867 4179 1046 4259 τηρεῖσθαι
1068 4167 1358 4258 συνεαράκαμεν,

194 4307 396 4328 μ

213 4389 263 4453 4)
277 4381 455 4474 χρήσοιτο..
441 4383 597 4442 ’.δέξαιτο
616 4385 679 4437 Bev-
720 4409 757 4422 -
799 4383 828 4444 ²)
846 4381 1063 4451 προγεγραμμένα
1079 4382 1144 4434 Βετ,
1187 4407 1220 4422 -·
1262 4383 1292 4448 ⁸)
1308 4384 1342 4452 τῇ

265 4453 326 4507 αιίιι
318 4459 333 4522 ᾖ
353 4455 487 4507 Βσωυ-
451 4451 551 4518 -⁴)
566 4456 783 4522 χειροτειηθέντι
799 4450 862 4504 Ber·
896 4477 930 4490 -
972 4451 1001 4516 ὅ)
1020 4455 1075 4504 Κν
1067 4445 1175 4520 ρχηιίόνι
1189 4452 1325 4503 Rev..—

233 4509 465 4594 σ)“ο”ἰ1ιιιοχι(ας
480 4523 544 4574 Βετ.
579 4547 614 4560 -
656 4522 685 4586 τ)
704 4519 862 4574 Νεειιιλειλ.
881 4535 903 4572 ο.
921 4519 971 4573 τοί.
984 4521 1027 4584 lv,
1048 4469 1148 4587 6667
1184 4519 1342 4574 (λίεοεΙειΙ.

266 4610 289 4648 c·
309 4595 390 4702 ωολλ,
410 4592 510 4662 μίθθ,
529 4589 621 4648 6066
660 4617 693 4632 ι-
729 4583 1017 4662 ⁸)'671666666166166
1036 4589 1159 4640 Βαι-
