2916 5050
404 19 411 47 i

258 350 264 358 ,
318 350 320 354 .
443 242 662 355 cornuue
684 279 940 358 sunnrcrrsn.
1205 289 1267 356 ror

199 541 304 606 0sius'
319 543 488 626 episcopus
509 544 600 608 dixit:
621 547 664 608 ut
685 547 746 609 hoc
768 563 891 630 quoque
912 554 1052 612 statuere
1074 545 1208 629 debetis,
1228 555 1263 610 ut

108 629 320 711 episcopum·
336 629 365 692 si
394 649 436 690 ex
457 631 518 693 alia
546 631 676 695 civitate
702 631 937 712 convenerit1)
963 633 1004 696 ed
1032 633 1123 695 aliam
1149 633 1263 702 civitae

30 748 36 754 ·
106 723 178 777 tem
206 715 260 776 vel
290 733 333 776 ex
361 716 522 794 provincia
549 735 608 778 sua
634 715 675 780 ad
704 715 796 780 eiiam
816 719 1023 801 provinciam,
1053 727 1086 784 et
1107 719 1264 783 ambitioni

105 802 216 884 magis
237 811 331 882 quam
353 799 512 863 devotioni
533 801 676 863 serviens
695 803 829 864 voluerit
849 803 881 864 in
903 805 1003 867 aliena
1024 805 1153 866 civitate
1165 804 1262 866 multo

107 895 254 967 tempore
279 885 434 948 residere:
467 887 546 949 sorte
570 887 655 948 enim
676 889 783 950 evenit
811 889 994 970 episcopum
1022 889 1084 952 loci
1104 908 1166 952 non
1187 907 1262 950 esse

106 979 176 1033 tam
197 971 383 1032 instructum
404 989 507 1052 neque
528 980 591 1034 tem
612 971 754 1055 doctum3
782 971 811 1034 is
832 993 924 1056 vero,
947 977 1000 1056 qui
1020 973 1161 1056 advenit,
1182 974 1263 1035 inei-

106 1058 178 1138 piat
199 1063 401 1133 contemnere
421 1075 493 1117 eum
514 1065 547 1118 et
567 1057 745 1138 frequenter
763 1057 868 1119 faeere
889 1061 1083 1140 sermonem,
1104 1067 1140 1120 ut
1161 1057 1263 1121 deho-

107 1149 220 1204 nestet
242 1149 275 1222 et
292 1139 424 1202 infirmet
443 1141 525 1203 illius
546 1157 711 1222 personam
718 1189 728 1224 ,
750 1143 794 1204 ita
812 1151 848 1204 ut
870 1163 911 1206 ex
931 1145 992 1208 hac
1009 1144 1181 1208 ‘occasione
1200 1163 1262 1206 non

107 1226 234 1289 dubitet
249 1224 284 1304 2)
311 1227 483 1306 relinquere
513 1228 708 1309 assignatam
736 1227 796 1288 sibi
817 1229 985 1293 eeclesiam
1007 1239 1040 1292 et
1060 1237 1200 1298 transeat
1221 1228 1263 1290 ed

107 1313 254 1374 alienam.
295 1309 431 1385 Definite
453 1330 530 1394 ergo
550 1320 685 1395 tempus,
708 1313 781 1394 quia
797 1320 830 1374 et
850 1331 913 1374 non
925 1317 1021 1396 recipi
1034 1316 1215 1396 episcopum
1227 1312 1263 1394 3)

107 1397 309 1459 inhumanum
331 1404 397 1476 est,
420 1405 453 1458 et
473 1399 501 1459 si
522 1396 637 1460 diutius
658 1397 794 1460 resideat
814 1400 1021 1478 perniciosum
1042 1409 1101 1462 est.
1143 1400 1216 1462 Hoc
1227 1396 1262 1476 ⁴)

107 1503 151 1545 ne
173 1481 238 1563 fiat,
260 1479 483 1560 providendum
505 1491 563 1544 est.
604 1483 734 1544 Memini
756 1490 860 1544 autem
872 1487 1031 1564 superiore
1046 1483 1176 1546 concilio
1196 1481 1261 1543 fra-

108 1577 177 1630 tres
198 1573 323 1628 nostros
345 1567 562 1647 constituisse,
590 1575 626 1628 ut
654 1569 683 1628 si
703 1568 773 1648 quis
792 1567 892 1629 laicus
919 1569 949 1632 in
977 1589 1016 1631 ea
1036 1570 1068 1632 in
1089 1586 1151 1650 qua
1172 1585 1262 1630 oom-

108 1661 246 1715 moretur
267 1651 397 1713 civitate
418 1653 483 1712 tres
505 1650 676 1713 dominicos
697 1651 780 1733 dies,
808 1651 840 1712 id
866 1661 917 1714 est
936 1651 993 1734 per
1018 1661 1083 1714 tres
1109 1653 1263 1732 septima-

110 1755 172 1800 nas
197 1755 260 1798 non
289 1735 483 1798 celebrasset
509 1745 715 1817 conventum,
750 1737 965 1800 communione
994 1740 1173 1819 privaretur.
1225 1737 1262 1799 si

110 1841 189 1905 ergo
209 1823 290 1882 haec
311 1823 395 1882 circa
414 1822 513 1882 laicos
534 1823 704 1883 constituta
725 1829 818 1903 sunt,
839 1822 936 1882 multo
957 1825 1060 1906 magis
1081 1823 1263 1902 episcopum

109 1927 172 1971 neo
190 1907 267 1968 licet
287 1925 348 1968 nee
369 1905 472 1988 decet,
493 1907 522 1968 si
541 1907 625 1968 nulia
645 1907 772 1967 sitiam
793 1907 901 1988 'gravis
920 1910 1098 1976 necessitas
1109 1925 1190 1989 quae
1202 1905 1261 1968 de·
1285 1970 1289 1979 ,

110 1995 225 2074 tineat,
252 1999 288 2052 ut
315 1991 447 2074 amplius
474 2009 609 2072 asupre
629 1993 746 2072 scripto
767 1999 907 2072 ternpore
927 1995 1043 2058 absens
1070 1994 1113 2060 sit
1141 1993 1180 2057 ab
1203 2009 1260 2054 ec-

110 2079 211 2144 clesia
227 2089 286 2141 sua
301 2075 344 2158 ⁵).
385 2075 531 2142 Universi
552 2076 696 2142 dixerunt
716 2078 840 2162 placare
861 2076 928 2142 sibi.

198 2689 297 2763 Osius
317 2687 487 2767 episcopus
508 2685 600 2748 dixit:
632 2682 714 2762 Quia
734 2685 806 2746 nihil
825 2681 1168 2765 proetennittioportet,
1190 2694 1264 2745 sunt

115 2773 240 2856 quidam
263 2777 374 2836 fratres
397 2779 430 2831 et
452 2771 633 2852 coi'pisoopi
653 2772 774 2850 nostri,
795 2771 930 2850 quinon
951 2769 983 2829 in
1003 2784 1043 2827 ea
1062 2767 1192 2828 civitate
1209 2787 1264 2829 re-

114 2859 220 2922 sident
234 2860 278 2942 ⁰),
299 2861 332 2920 in
353 2875 415 2936 qua
434 2855 580 2917 videntur
601 2855 741 2935 episcopi
762 2873 838 2916 esse
861 2853 1032 2934 constituti,
1053 2851 1105 2913 vel
1126 2851 1210 2934 quod
1228 2851 1263 2932 ')

54 2954 57 2964 ⁴
113 2963 245 3027 parvam
273 2963 337 3004 rem
358 2943 419 3003 illic
445 2941 597 3022 habeant,
623 2941 698 3012 alibi
722 2949 840 3001 eutem,
857 2939 969 3000 idonea
984 2937 1123 3017 ¹preedia
1149 2937 1264 2998 habere

114 3037 358 3110 cognoscuntur,
378 3026 431 3088 vel
452 3034 538 3089 certe
553 3025 587 3104 8)
609 3025 776 3087 affectione
790 3024 825 3104 ⁹)
846 3027 1060 3105 proximorum,
1082 3023 1194 3103 quibus
1215 3021 1265 3082 in-
1326 3027 1328 3031 ’

81 3173 86 3182 ,
115 3115 290 3195 dulgeant,
311 3113 463 3174 hactenus
490 3113 626 3190 permitti
647 3113 694 3172 eis
716 3117 854 3191 oportet,
886 3117 922 3171 ut
946 3107 1099 3170 accedant
1125 3107 1165 3167 ed
1186 3125 1266 3186 pos-

70 3202 72 3211 ’
116 3195 279 3262 sessiones
305 3215 380 3259 suas
411 3204 444 3256 et
469 3191 640 3276 ¹disponant
664 3197 717 3256 vel
739 3195 879 3256 ordinent
908 3194 1040 3255 fructum
1064 3193 1178 3252 laboris
1206 3193 1266 3274 sui,
1291 3226 1294 3233 ·

116 3293 152 3346 ut
171 3290 245 3364 post
264 3291 329 3345 tres
351 3281 522 3360 dominicas
539 3279 608 3362 10),
630 3280 663 3341 id
683 3287 819 3358 estpost
833 3287 897 3339 tres
910 3277 1131 3357 hebdomadas,
1153 3277 1182 3338 si
1191 3294 1265 3353 ,mo-

115 3372 175 3432 rari
195 3363 331 3430 neeesse
353 3375 413 3448 est,
435 3366 467 3426 in
488 3366 555 3426 suis
575 3366 679 3444 potius
699 3363 801 3426 fundis
822 3367 990 3424 morentur:
1008 3370 1072 3440 ,aut
1088 3367 1103 3400 r
1110 3361 1143 3440 ¹)
1166 3363 1194 3422 si
1214 3370 1265 3424 est

119 3454 259 3536 proxima
280 3453 412 3532 civitas,
433 3452 466 3510 in
487 3469 549 3531 que
570 3459 622 3511 est
641 3451 820 3532 presbyter,
841 3467 882 3509 ne
903 3449 972 3509 sine
994 3447 1132 3509 ecclesia
1152 3447 1265 3509 videa-

117 3550 166 3601 tur
186 3541 292 3601 fecere
312 3537 394 3598 diem
415 3536 615 3616 dominicum,
636 3529 709 3596 illue
730 3533 877 3615 accedat,
902 3542 937 3594 ut
957 3548 1061 3613 neque
1081 3549 1133 3594 res
1155 3531 1265 3594 dome-

118 3627 219 3686 sticae
243 3638 300 3704 per
320 3623 493 3684 absentiam
516 3619 584 3699 ejus
606 3619 821 3682 detrimentum
843 3621 1033 3698 sustineant,
1063 3625 1097 3678 et
1117 3637 1179 3678 non
1200 3618 1264 3678 sre-

118 3717 249 3791 quenter
267 3705 423 3768 veniendo
443 3706 482 3768 ad
496 3707 666 3786 civitatem,
687 3706 719 3768 in
732 3721 801 3784 qua,
813 3705 981 3786 episcopus
993 3710 1136 3782 moratur,
1158 3703 1266 3780 suspi-

118 3797 240 3857 cionem
257 3790 428 3870 jactantiae
449 3799 483 3852 et
503 3791 679 3854 ambitionis
700 3788 824 3851 evadat
865 3787 1011 3850 Universi
1031 3787 1182 3869 diruerunt¹
1194 3788 1265 3866 pla·
1326 3781 1330 3790 ’

120 3899 191 3942 cere
211 3877 280 3938 sibi.

119 3991 318 4010 ——u—-fl
417 4003 423 4008 ,,

159 4050 187 4118 1)
204 4057 232 4110 ut
249 4066 283 4102 ee·
300 4051 355 4123 olio
372 4050 474 4100 ciuitate
492 4064 546 4100 conr
562 4050 659 4102 venerit
675 4045 794 4114 (ommsa
809 4061 875 4098 voce
892 4047 1039 4115 episcopos)
1062 4048 1127 4099 Just.
1162 4071 1198 4110 ε·

159 4121 188 4190 ²)
206 4123 288 4186 acopis
304 4119 400 4170 seruiat
418 4121 523 4189 ¹...,r'do
538 4125 567 4170 ot
583 4121 608 4169 si
624 4121 733 4170 ooioerr't
751 4151 792 4169 ...
809 4117 922 4168 residere
939 4124 964 4166 et
981 4119 1109 4182 continget
1124 4122 1153 4166 ot
1171 4117 1269 4182 episco-

189 4206 237 4256 pus
255 4224 303 4251 ....
317 4205 369 4240 noo
384 4196 438 4239 torn
454 4190 594 4252 distractos
606 4191 641 4240 sit
653 4205 697 4240 nec
713 4195 765 4241 toto
779 4181 875 4250 doctos,
893 4188 986 4238 {some
1004 4221 1050 4238 ...
1071 4202 1121 4252 prro
1138 4187 1269 4236 occasione

188 4260 218 4322 iit
235 4267 264 4310 ot
277 4275 328 4310 non
341 4257 437 4324 drtbitet
452 4266 498 4311 etc.
516 4259 578 4312 isid.
610 4282 644 4296 -
680 4258 708 4324 ³)
727 4259 840 4324 recipere
853 4257 996 4323 episcopum
1008 4258 1181 4322 codruscopom
1196 4271 1269 4306 soem

190 4329 275 4381 Codd.
295 4327 451 4394 Hispeisid.
485 4341 521 4367 -ὲ
556 4325 585 4393 4)
603 4329 658 4377 Hor
676 4341 734 4394 erpo
752 4327 818 4379 Just.
852 4354 888 4364 --
924 4324 951 4391 ⁵)
970 4340 1014 4376 occ
1031 4327 1109 4388 dccet,
1125 4332 1154 4376 ct
1172 4326 1269 4391 cpisco-

190 4413 254 4464 pos,
279 4400 303 4449 si
320 4393 421 4463 noiloni
435 4405 489 4450 tone
505 4413 608 4464 prorem
627 4396 700 4448 bvobrt
716 4397 891 4448 necessitatem
908 4411 953 4446 neo
971 4403 1024 4446 tom
1041 4395 1170 4460 difficilem
1186 4395 1270 4446 rotie-

190 4483 263 4532 aena,
287 4468 387 4526 ¹torrrdo'o
409 4467 477 4520 obsit
501 4467 534 4518 ob
557 4468 662 4534 ecclesio
683 4483 730 4517 soe
752 4473 777 4516 et
793 4468 914 4531 populum
929 4467 1070 4516 contristet.
1104 4462 1166 4515 Isid.
1201 4491 1237 4504 -·

158 4537 186 4606 θ)
204 4538 333 4603 possident
353 4533 438 4606 Codd.
456 4537 532 4606 Hisp.
550 4535 611 4588 Isid.
645 4561 680 4572 -·
715 4534 744 4598 i)
760 4537 799 4586 erl
816 4543 883 4587 certe
901 4533 967 4586 Cod.
981 4535 1045 4586 Luc.
1064 4538 1090 4584 et
1107 4533 1190 4596 Just,
1206 4531 1269 4583 item

40 4609 44 4616 “
140 4605 145 4614 ’
191 4607 255 4659 isid.
289 4632 325 4646 --
362 4607 391 4675 Β)
409 4615 478 4660 certe
492 4623 544 4660 om.
561 4621 577 4654 n
593 4606 658 4657 Just.
676 4609 702 4654 et
714 4602 775 4654 Isid.
799 4630 834 4640 ··-
870 4602 899 4667 9)
917 4603 1076 4666 offertionem
1093 4603 1157 4652 Just.
1192 4600 1290 4662 affec--

192 4679 273 4730 tiones
291 4675 353 4732 niu.
388 4705 423 4720 -
456 4678 506 4745 1⁰)
525 4675 661 4728 dominicos
674 4674 744 4745 Cod.
763 4676 828 4729 Luc.
840 4677 865 4724 et
876 4671 940 4724 Just.
977 4700 1011 4710 —-
1044 4667 1213 4735 1¹)orrsiu.
1237 4691 1273 4710 -e
