2912 5060
228 221 295 292 2⁷4
485 221 728 290 cenoman
749 221 1020 291 ronurnurm
1041 191 1124 291 vm.

232 403 267 458 et
293 395 367 477 quia
386 391 554 475 juramenti
580 393 725 459 custodia
750 393 898 458 ultionem
926 415 989 458 non
1016 405 1171 478 temperat
1200 415 1399 480 pavescen-

214 481 323 562 dam,
350 481 465 544 idcirco
494 481 664 562 impietatis
691 483 841 544 atrocitas
868 491 998 544 mortem
1028 486 1129 564 pariet
1149 482 1397 549 execrandam?

235 562 339 629 Absit.
380 567 505 628 Etenim
535 567 564 628 si
589 567 722 648 publicis
749 575 1012 632 sacramentorum
1043 571 1162 652 gestis,
1193 570 1277 652 quod
1312 572 1396 634 deus

235 659 375 732 avertat,
397 652 585 732 quibuslibet
606 653 713 714 illicita
731 653 784 713 vel
806 673 868 714 non
889 655 971 716 bona
993 657 1155 716 extitisset
1177 655 1321 718 conditio
1345 659 1395 720 al·

233 738 349 822 ligata,
377 755 458 818 quae
478 745 533 799 aut
549 734 694 820 jugulare
715 740 848 800 animam
869 741 966 820 patris
988 748 1043 801 aut
1064 759 1160 823 agere
1182 743 1394 821 compelleret

232 832 375 904 stuprum
402 823 634 885 sacratissimae
654 823 804 907 virginis3
832 824 979 904 numquid
1000 843 1063 889 uon
1083 826 1276 888 tolerabilius
1298 836 1392 888 esset
1427 827 1428 840 ¹

234 907 352 971 stultae
372 908 584 988 promissionis
605 905 731 988 rejicere
752 916 847 990 vota,
878 927 971 990 quam
1000 929 1056 990 per
1076 911 1227 972 inutilium
1248 914 1390 992 promis·

235 1011 339 1057 sorum
354 991 387 1071 ¹)
414 993 588 1055 custodiam
610 993 832 1056 exhorrendam
853 996 1011 1058 criminum
1031 995 1159 1074 implere
1180 993 1387 1060 mensuram?

237 1077 329 1156 Quod
357 1079 386 1139 si
409 1079 454 1140 ita
482 1087 571 1160 esset
587 1077 644 1160 ²),
678 1079 831 1160 quomodo
860 1079 1039 1141 crederetur
1065 1082 1157 1142 unius
1184 1081 1388 1144 obsonandi

232 1163 385 1246 jussionis
405 1181 480 1225 esse
501 1163 571 1225 fons
592 1161 738 1245 pietatis,
768 1183 839 1226 cum
860 1165 1018 1226 emitteret
1038 1165 1155 1227 rivulos
1168 1165 1202 1245 8)
1230 1163 1387 1230 ultionis?

236 1257 292 1312 aut
312 1267 465 1331 quaenam
485 1249 537 1310 illa
561 1247 693 1328 esset²)
721 1267 832 1312 sacrae
853 1251 1032 1312 observatio
1053 1251 1150 1334 legis,
1180 1270 1262 1333 quae
1284 1254 1403 1315 sacri-¹

234 1335 321 1418 legia
346 1335 554 1398 committeret
579 1336 744 1414 pravitatis
757 1333 810 1414 ⁴),
845 1336 897 1396 vel
926 1335 1016 1417 cujus
1045 1355 1209 1398 mensurae
1237 1341 1386 1418 aequitas

235 1421 404 1503 videretur,
419 1430 456 1484 ut
473 1439 515 1482 ex
535 1423 628 1482 unius
646 1423 806 1501 praecepti
828 1423 952 1484 cautela
973 1421 1062 1483 necis
1082 1422 1252 1484 exoriretur
1274 1425 1388 1486 imma-

235 1507 320 1570 nitas
343 1500 545 1568 truculenta?
573 1506 618 1567 At
637 1524 720 1568 nunc
740 1525 803 1568 non
824 1507 869 1568 ita
890 1505 1125 1588 contendimus,
1147 1515 1183 1568 ut
1203 1511 1387 1571 contentio-

237 1611 311 1656 num
346 1591 488 1654 divortiis
519 1593 687 1654 concitatis
717 1609 777 1653 nos
808 1593 896 1674 ipsos
924 1593 1134 1656 contentionis
1164 1595 1385 1656 certaminibus

236 1679 435 1741 misceamus.
477 1677 538 1740 Est
558 1697 634 1739 vere
654 1695 718 1757 pax
738 1677 769 1738 in
790 1686 939 1759 utroque,
966 1679 1050 1758 quod
1070 1677 1219 1758 dicimus,
1241 1681 1318 1760 quia
1339 1681 1384 1742 sio
1430 1737 1431 1740 ,

237 1773 370 1828 sauctus
390 1764 517 1844 spiritus
537 1763 598 1825 iter
617 1771 790 1824 nostrorum
811 1783 955 1826 cursuum
968 1763 1001 1842 ⁵)
1017 1771 1180 1844 temperat,
1196 1771 1233 1826 ut
1247 1765 1279 1824 in
1301 1766 1383 1826 nullo

235 1850 362 1913 devium
390 1849 451 1910 hoo
478 1867 497 1910 a
523 1867 582 1912 sua
610 1847 814 1928 dispositione
828 1848 862 1927 ο)
898 1847 1063 1930 secludat;
1091 1848 1174 1910 unde
1200 1848 1294 1929 plena
1318 1848 1383 1929 jam

218 1937 340 2015 ¹voce,
361 1935 490 2015 pleniori
509 1931 572 1995 lide
593 1933 836 2014 plenissimaque
855 1935 1028 1995 intentione
1048 1933 1264 2016 praedicimus,
1287 1945 1383 2016 atque

237 2022 269 2082 in
291 2028 391 2081 totam
411 2025 544 2080 sanetae
565 2019 723 2080 ecclesiae
743 2021 980 2080 universitatem
995 2019 1028 2098 7)
1055 2018 1272 2099 praedicamus
1299 2022 1383 2102 pari-

217 2105 287 2168 'ter
308 2113 342 2167 et
362 2112 517 2185 optamus,
538 2104 623 2165 nulla
642 2104 856 2184 profanatione
877 2105 974 2166 solius
996 2114 1030 2168 et
1049 2123 1189 2166 summae
1210 2105 1382 2167 divinitatis

237 2209 351 2252 nomen
372 2191 509 2252 existere
530 2189 767 2271 assumendum,
794 2191 877 2251 nullo
904 2189 1030 2272 perjurii
1057 2191 1223 2274 sacrilegio
1244 2191 1382 2253 indebite

217 2275 475 2359 profanandum,
504 2276 586 2336 nullo
615 2276 737 2354 uspiam
767 2283 931 2337 contractu
959 2275 1101 2336 fallaciae
1130 2277 1381 2359 contingendum.

216 2364 320 2446 ¹Nam
347 2363 375 2423 si
402 2368 577 2422 attestante
600 2363 737 2422 veritate
757 2370 882 2442 propter
902 2362 1146 2442 profanationem
1166 2361 1290 2442 perjurii
1310 2363 1380 2443 evi7
1432 2413 1433 2416 ¹

219 2447 363 2510 'tantiam
393 2447 570 2527 prohibetur
594 2448 716 2508 omnino
740 2445 860 2525 jurare,
891 2466 963 2508 cum
988 2446 1160 2520 dicitur⁸lr
1195 2445 1250 2508 Sit
1278 2467 1378 2509 aomo

235 2540 355 2611 uester,
379 2541 444 2608 ost,
466 2539 530 2609 est,
552 2551 630 2608 nora,
657 2551 740 2606 non,
769 2531 852 2614 qaod
870 2532 945 2614 pluo
971 2540 1078 2594 autem
1099 2532 1148 2594 bia
1170 2538 1232 2607 cst,
1255 2553 1277 2594 a
1297 2532 1379 2594 molo

236 2629 307 2695 θεῖς
335 2617 489 2700 quomodo
514 2621 696 2698 impunitum
722 2619 781 2678 crit
806 2637 919 2679 nornen
938 2627 1047 2680 tantae
1068 2619 1187 2700 gloriae
1205 2617 1379 2680 voluntarie

233 2706 434 2785 profanasse,
461 2703 534 2766 dum
561 2705 592 2764 in
620 2723 659 2764 eo
679 2711 791 2764 taxata
810 2703 890 2765 fides
909 2703 1104 2788 dignoscitur
1123 2703 1299 2784 interiisse,
1327 2704 1380 2766 vel

235 2799 390 2872 quatenus
416 2791 506 2869 pacis
533 2788 661 2851 foedera
690 2787 768 2867 ini)
795 2792 935 2872 gentium
968 2789 1164 2869 discidia10)
1191 2790 1211 2848 li
1237 2789 1379 2870 abuntur,
1433 2785 1434 2822 ⁷

227 2877 262 2937 'si
284 2895 345 2937 non
362 2874 530 2955 juramenti
550 2884 645 2954 pacta
665 2875 813 2936 sanctiori
833 2875 1015 2959 integritate
1036 2808 1236 2938 serventur‘i
1253 2875 1379 2936 Etenim

217 2961 325 3023 'omne
347 2961 430 3042 quod
451 2962 481 3021 in
502 2962 591 3042 pacis
612 2959 804 3040 foedere¹¹)
824 2963 912 3023 uenit
933 2971 1009 3024 tunc
1028 2961 1158 3024 solidius
1178 2957 1379 3042 substan),

235 3065 306 3108 cum
324 3044 490 3126 juramenti
511 3047 571 3108 hoc
591 3047 786 3126 interpositio
807 3047 940 3128 roborat,
961 3047 1020 3110 sed
1040 3055 1073 3108 et
1095 3065 1186 3110 omne
1206 3045 1289 3126 quod
1310 3045 1380 3106 ani-
1433 3037 1434 3122 i

232 3151 301 3195 mos
322 3133 488 3193 amicorum
516 3133 661 3196 conciliat
684 3139 761 3193 tunc
780 3130 939 3212 fixius1³)
960 3132 1070 3214 durat,
1097 3152 1169 3196 curn
1190 3150 1247 3198 eos
1268 3149 1379 3194 saera·
1433 3133 1434 3136 ’

233 3219 330 3280 menti
356 3218 482 3279 vincula
506 3219 627 3301 ligant,
665 3235 755 3278 omne
782 3213 877 3279 ctiam
904 3218 987 3300 quod
1015 3220 1109 3280 testis
1137 3217 1307 3296 adstipulat
1323 3215 1378 3296 Η)

232 3311 309 3366 tunc
328 3305 434 3365 verius
456 3313 601 3386 constat,
627 3321 699 3364 curn
720 3303 752 3364 id
773 3301 908 3384 adjectio
924 3303 1089 3385 jurationis
1108 3303 1262 3383 affirmat,
1295 3302 1378 3383 quod

233 3391 262 3450 si
283 3397 317 3450 et
338 3390 432 3450 testis
453 3389 595 3472 deficiat,
626 3389 802 3451 innocentis
828 3388 922 3452 iidem
949 3391 1017 3452 sola
1038 3387 1236 3469 jurisjurandi
1257 3389 1377 3448 taxatio

233 3474 422 3535 manifestat.
464 3476 547 3538 llinc
576 3484 610 3535 et
635 3482 671 3534 ut
697 3475 833 3536 motibus
849 3473 903 3554 ¹⁵)
931 3475 1075 3538 humanis
1100 3475 1206 3538 divina
1229 3473 1377 3534 voluntas

230 3559 397 3640 panderet,
425 3561 507 3640 quod
529 3561 674 3639 volebat,
702 3579 742 3620 ne
763 3559 872 3621 labens
893 3559 1046 3645 fragilitas
1067 3580 1122 3641 pro
1144 3562 1262 3624 incerto
1284 3566 1377 3619 tene-

230 3654 296 3725 ret,
317 3645 400 3726 quod
421 3646 588 3706 inviolatae
609 3645 753 3705 veritatis
773 3647 936 3724 promissio
958 3647 1166 3726 exprimebat,
1188 3665 1243 3726 per
1263 3643 1375 3705 lsaiam

228 3729 363 3812 loquitur
376 3731 499 3792 dicens:
520 3731 593 3812 Ego
610 3729 754 3790 dominus
770 3737 802 3790 et
819 3750 882 3792 non
901 3732 1061 3806 estodus,
1081 3734 1116 3793 in
1134 3725 1376 3812 memetipoo¹⁶J

222 3817 363 3894 juravi5
383 3817 411 3876 si
430 3836 505 3898 ergo
527 3823 634 3877 tantae
650 3816 854 3878 institutionis
872 3818 968 3878 limite
986 3826 1060 3878 sunt
1076 3818 1185 3878 votiva
1201 3816 1377 3896 juramenta

227 3901 399 3982 servanda,
420 3903 489 3982 quis
512 3903 677 3964 alienorum
700 3919 718 3960 a
739 3901 875 3962 veritate
896 3903 977 3967 haec
998 3903 1140 3966 adstruat
1162 3897 1377 3964 execrabiliter

264 4194 293 4262 ι)
311 4195 506 4262 promissionem
523 4191 560 4242 M.
582 4219 617 4230 -
653 4189 681 4260 ²)
700 4199 738 4242 ost
755 4191 791 4243 Μ.
817 4219 851 4231 -
888 4191 917 4258 ³)
937 4191 1045 4244 triballos
1060 4189 1093 4240 A.
1111 4188 1142 4240 li.
1156 4189 1181 4243 3.
1201 4191 1236 4242 T.
1251 4192 1312 4242 1.2.
1330 4189 1374 4256 G,

277 4271 324 4316 'et
341 4263 368 4316 in
387 4279 421 4316 rn.
438 4263 475 4314 Μ.
510 4291 544 4300 —-
580 4259 610 4328 ⁴)
626 4261 765 4327 prolatoris
781 4261 808 4314 in
828 4279 861 4314 m.
879 4257 917 4314 M.
951 4293 986 4303 -
1023 4259 1051 4327 ὅ)
1069 4265 1120 4309 iter
1136 4267 1249 4312 nostrum
1267 4277 1298 4311 oc
1314 4277 1374 4312 ottr-

295 4349 352 4386 cum
367 4335 405 4385 Μ.
427 4361 462 4371 -
496 4330 526 4398 θ)
548 4329 635 4381 deuius
650 4347 697 4383 cos
713 4345 788 4382 codas
804 4349 822 4382 o
838 4333 1005 4399 dispostione
1020 4330 1079 4382 secl.
1097 4328 1125 4379 in
1143 4345 1176 4381 tn.
1194 4331 1239 4394 Μ.,
1262 4333 1295 4384 al.
1313 4346 1330 4379 o
1346 4345 1374 4381 ae

216 4419 221 4430 ·
295 4403 415 4454 ceolredol.
450 4429 485 4439 —
526 4400 554 4468 1)
578 4401 605 4450 in
622 4407 679 4452 tolo
696 4437 721 4454 ..
739 4403 902 4454 trariorrsilote
918 4402 955 4453 M.
989 4431 1025 4444 --
1072 4397 1101 4464 ⁸)
1118 4398 1210 4451 Mattlr.
1228 4399 1259 4464 5,
1278 4399 1322 4452 37.
1337 4427 1374 4438 —

214 4469 217 4480 '
262 4473 275 4509 ⁸
309 4473 376 4522 t'nlor
392 4471 419 4522 in
437 4485 471 4523 m.
489 4469 526 4522 Μ.
561 4498 597 4508 -
642 4468 691 4538 ¹⁰)
708 4471 815 4523 dissidio
833 4471 870 4524 M.
904 4499 940 4510 --
980 4469 1028 4536 ¹¹)
1046 4467 1249 4604 probrainm.
1268 4469 1303 4522 Μ.
1339 4497 1373 4506 -

216 4543 275 4579 »rr
289 4537 424 4593 “arsamis
442 4541 478 4591 Μ,
513 4570 548 4580 ...
587 4538 635 4606 1³)
652 4537 753 4606 fidelius
767 4542 794 4594 ln
812 4554 845 4594 m,
865 4541 901 4594 Μ.
936 4570 971 4579 -
1012 4543 1049 4578 Ν
1078 4536 1184 4588 testibus
1201 4539 1374 4606 adstipuletur

293 4605 356 4662 ibid.
383 4639 418 4648 —
451 4611 501 4679 Η)
518 4609 644 4663 maldras·
657 4609 693 4662 Μ.
721 4641 755 4650 -
789 4611 836 4678 ¹⁶)
854 4611 1029 4675 memetipsum
1043 4605 1081 4658 Μ.
1100 4633 1133 4644 -
1150 4607 1256 4674 desiit,
1270 4609 1371 4658 2223.
