2880 5050
203 233 270 316 air
458 245 699 318 obtimum!
725 234 996 320 ‘domimum
1014 242 1099 311 xm

208 417 269 488 dcc
289 421 393 486 cultus
413 417 596 506 assumitur,
617 419 691 506 quis
708 418 741 485 iu
761 436 801 484 co
820 415 990 483 similitudo
1008 413 1179 483 conditoris
1199 421 1373 502 agnosci-

209 515 285 572 tur:
320 509 350 570 si
382 516 489 571 autem
504 527 507 536 ’
521 505 733 589 poenitentiae
764 504 1025 570 medicamentum
1052 504 1252 568 subtrahitur
1285 505 1371 590 quud

210 589 475 658 inremissionem
501 601 703 674 peccatorum
729 590 901 673 accipitur,
931 588 972 652 ad
997 587 1233 652 similitudinem
1259 592 1372 655 facto·

210 677 254 742 rie
288 676 411 760 uspiam
448 695 511 740 non
547 679 681 744 venitur.
752 674 877 742 Etenim
913 673 1127 758 poenitentia,
1167 683 1204 737 ut
1242 677 1368 741 dictum

193 769 282 846 ¹est,
306 761 340 826 in
364 761 534 826 remedium
559 761 855 845 peccati'accipitur
867 807 877 842 ,
903 757 1112 822 sacerdotium
1132 777 1210 822 vero
1236 773 1372 846 propter

190 843 392 913 ‘munditiam
419 856 608 930 retentatur,
640 857 676 910 ut
693 849 757 911 hoc
777 843 951 910 sacerdotis
972 853 1006 907 et
1024 843 1092 906 uita
1111 842 1156 906 ita
1174 847 1288 910 tiuctu
1313 851 1368 912 bo-

211 951 320 998 ncmm
340 951 466 1014 operum
486 933 608 1013 floreat,
628 951 689 1014 qno
711 943 744 994 et
764 929 796 994 in
817 951 854 994 se
876 928 983 993 delicti
1003 928 1170 1010 passiones
1191 933 1367 1018 extinguat

184 1067 187 1074 .
214 1027 249 1082 et
274 1018 525 1100 praedicamento
546 1035 605 1079 suo
625 1019 657 1082 in
678 1018 747 1080 aliis
767 1015 893 1100 peccati
915 1033 1045 1098 regnum
1066 1015 1289 1096 potentialiter
1312 1021 1367 1082 de·

211 1111 321 1168 stmat.
363 1103 447 1167 Huic
472 1100 569 1186 igitur
592 1101 713 1186 taliter,
739 1112 775 1164 ut
795 1097 1025 1183 praemisimus,
1051 1100 1211 1164 sacerdoti
1240 1103 1366 1168 viventi

128 1209 131 1223 ι
212 1186 287 1271 qnid
309 1187 423 1270 oberit,
449 1185 477 1250 si
502 1197 577 1270 post
599 1197 751 1270 acceptas
771 1183 982 1269 poenitentiae
1003 1186 1095 1268 leges
1116 1183 1232 1250 divinis
1256 1191 1366 1254 aitari-

213 1273 273 1337 bus
292 1269 563 1358 propitiationis²)
585 1270 696 1336 offerat
715 1267 843 1355 pauesl
885 1271 952 1333 Aut
977 1267 1123 1350 numquid
1147 1275 1364 1352 poenitentiae

213 1357 344 1438 donum,
371 1357 454 1441 qnod
473 1354 505 1420 in
525 1355 694 1423 remediula
715 1359 752 1422 iit
772 1355 913 1439 peccati,
938 1353 972 1418 in
991 1353 1230 1438 pmhibitionem
1239 1359 1277 1440 ²)
1302 1362 1360 1422 de-

212 1443 391 1506 vocandum
416 1452 469 1506 est
492 1437 710 1506 sacramenti?
750 1445 916 1524 Nusquam
937 1459 1014 1523 ergo
1034 1442 1246 1522 poenitentiae
1263 1465 1353 1527 prae-

213 1537 309 1610 cepta
327 1529 493 1610 privabunt
508 1527 580 1609 jura
600 1526 770 1591 coelestia:
790 1524 956 1610 poenitens
975 1527 1056 1587 cuim
1075 1527 1235 1590 abstinere
1247 1549 1266 1592 a
1279 1551 1359 1612 pec-

215 1612 298 1679 catis
317 1612 433 1696 pariter
454 1621 487 1675 e't
507 1612 703 1696 negotiorum
723 1609 929 1676 saecularium
950 1611 1132 1674 tumultibus
1159 1613 1276 1698 debet,
1303 1637 1362 1679 non

215 1701 256 1764 ab
278 1697 318 1762 iis
341 1717 422 1781 quae
443 1707 557 1761 sancta
575 1699 721 1760 videntur
740 1708 775 1760 ct
801 1715 923 1760 summa
948 1713 1023 1758 sese
1050 1698 1255 1782 abstrahere,
1285 1721 1364 1784 qnae

215 1793 396 1867 operantem
410 1783 481 1866 plus
493 1783 622 1865 expiant
635 1803 728 1865 quam
742 1779 995 1847 commaculando
1009 1781 1183 1862 deturpant.
1203 1784 1364 1868 Scriptum

216 1878 272 1934 est
290 1867 388 1934 enim:
410 1864 566 1932 Sacerdos
588 1870 633 1932 od
652 1868 816 1949 oranw)
830 1873 986 1930 mortuum
1004 1885 1070 1928 nort
1090 1869 1246 1946 accedam
1267 1873 1365 1936 idest

215 1956 388 2020 mortalium
415 1952 574 2022 criminum
601 1973 638 2016 se
664 1952 874 2034 implicatione
901 1969 963 2012 nco
989 1953 1116 2032 polluat.
1171 1957 1248 2018 Non
1286 1959 1366 2022 enim

217 2037 298 2104 dixit
309 2038 345 2117 ⁴)
372 2038 474 2120 deus,
501 2047 537 2099 ut
563 2038 713 2100 sacerdos
740 2037 779 2100 ad
806 2034 963 2115 sancta⁶J
989 2053 1132 2119 quaeque
1152 2059 1213 2102 non
1236 2043 1367 2108 auderet

217 2123 390 2204 accedere,
410 2121 460 2216 ‘de
488 2123 600 2203 quibus
625 2130 831 2203 praeceperat
861 2130 897 2182 ut
923 2122 1005 2182 nullo
1031 2122 1123 2184 modo
1148 2128 1305 2209 sacerdos
1329 2132 1366 2192 de

217 2208 339 2272 sanctis
367 2215 487 2288 exuet,
514 2207 572 2268 sed
601 2216 636 2270 ut
664 2209 773 2290 mortis
801 2224 896 2288 opera
922 2223 985 2268 nou
1013 2206 1142 2270 auderet
1162 2210 1394 2300 contingere;·

219 2309 296 2376 ergo
317 2289 474 2375 abigenda
492 2301 567 2355 sunt
587 2293 627 2356 ab
646 2293 729 2356 omni
752 2289 923 2358 sacerdote
954 2308 1035 2373 quae
1062 2296 1241 2382 mandant,
1274 2319 1367 2364 exer-

217 2377 320 2444 cenda
338 2395 420 2460 quae
441 2376 598 2440 mundant.
665 2451 670 2465 Ι
1220 2440 1253 2464 ,κ

208 2541 210 2546 Ι
304 2460 366 2528 His
386 2479 464 2544 crgo
490 2458 664 2525 rationabili
688 2461 852 2525 sanctione
870 2459 905 2542 ⁸)
942 2460 1124 2543 praemissis
1157 2463 1220 2528 hoc
1252 2479 1368 2533 sancta

220 2548 363 2632 synodus
383 2544 540 2630 delinivit,
565 2556 602 2610 ut
623 2556 729 2610 stante
749 2545 919 2628 priscorum
940 2565 1092 2610 manuum
1112 2552 1277 2614 sanctione
1297 2555 1370 2636 qni-

221 2651 356 2715 cumque
383 2632 563 2715 pontificum
582 2634 637 2694 vel
665 2633 865 2696 sacerdotum
885 2629 1037 2712 deinceps
1057 2651 1114 2714 per
1133 2653 1245 2700 manus
1265 2636 1369 2722 impo-

213 2715 367 2800 sitionem
395 2715 606 2799 poenitentiae
634 2716 747 2780 donum
770 2715 953 2798 exceperint
972 2735 1033 2780 nec
1053 2736 1092 2780 sc
1111 2720 1286 2786 mortalium
1306 2725 1370 2789 eri-

222 2803 339 2866 minum
358 2799 553 2884 professione
573 2803 759 2884 notaverint,
780 2811 920 2864 tenorem
940 2801 1115 2866 retentandi
1135 2807 1297 2888 regiminis
1309 2831 1369 2873 non

222 2885 387 2969 omittant,
419 2887 477 2949 sed
498 2907 554 2968 per
574 2887 843 2968 metropolitanum
869 2885 1120 2958 reconciliatione
1145 2890 1371 2972 poenitentium

222 2991 310 3036 more
330 2981 500 3052 suscepta,
527 2972 619 3034 solita
641 2972 832 3052 explerunt]
860 2970 976 3036 ordinis
995 2970 1045 3036 sui
1066 2973 1169 3038 olllcia
1188 2979 1242 3040 vel
1264 2990 1372 3046 cetera
1420 2995 1421 3024 ³

223 3056 442 3141 mysteriomm
469 3055 527 3118 sibi
554 3054 674 3118 credita
699 3065 906 3122 sacramenta.
946 3057 1017 3122 Hoc
1044 3066 1166 3124 tantum
1187 3072 1239 3126 est
1260 3067 1372 3130 obser-

224 3143 380 3224 uandum,
410 3149 447 3203 ut
468 3137 501 3204 si·
517 3149 571 3202 aut
591 3150 664 3204 ante
691 3137 908 3222 acceptionem
933 3143 1144 3222 poenitentiae
1174 3147 1371 3230 adjudicatus

226 3247 289 3292 nec
310 3225 531 3292 reconciliatus
549 3226 699 3306 reperitur
719 3225 774 3308 pio
795 3223 896 3307 culpis
917 3235 972 3288 aut
992 3227 1021 3289 si
1036 3225 1068 3290 in
1084 3227 1155 3310 ipsa
1169 3225 1371 3317 perceptione

225 3311 437 3394 poenitentiae
455 3309 490 3390 ⁸)
515 3310 705 3392 implicatum
731 3331 769 3374 se
795 3309 908 3374 dixerit
931 3311 1111 3376 mortalibus
1135 3316 1250 3402 iactis,
1280 3320 1372 3402 juxta

226 3395 475 3460 aestimationem
494 3395 730 3476 metropolitani
741 3397 899 3462 abstinere
915 3395 1091 3477 hujusmodi
1108 3411 1231 3481 oportet
1246 3423 1371 3486 aprae-

226 3483 333 3543 missis
359 3479 491 3542 officiis:
522 3491 661 3542 cetemm
687 3483 739 3562 si,
758 3490 803 3567 ‚ut
829 3479 945 3546 dictum
974 3491 1044 3563 est,
1074 3485 1133 3546 sub
1161 3490 1370 3568 poenitentiae

227 3564 430 3648 perceptione
446 3563 626 3627 consistens
643 3563 717 3628 nihil
734 3567 873 3628 mortalis
891 3563 1027 3630 criminis
1043 3567 1081 3628 se
1097 3569 1264 3636 admisisse
1279 3595 1370 3658 prae-

227 3649 356 3733 dixerit,
377 3659 482 3712 tamen
503 3648 587 3730 quod
607 3649 696 3712 lateri
715 3649 890 3713 hominibus
911 3649 1068 3714 ombescit
1088 3656 1277 3728 absconsum
1293 3661 1370 3724 intra

143 3801 147 3812 ,
228 3737 366 3800 claustra
393 3733 443 3798 sui
468 3730 607 3816 pectoris
635 3733 820 3818 delitescit,
848 3733 972 3798 noverit
997 3734 1067 3818 ipse
1095 3737 1155 3802 sibi
1181 3743 1221 3805 de
1249 3763 1287 3808 se
1312 3765 1367 3827 po-

227 3829 378 3885 testatem
405 3837 481 3884 ssse
506 3837 713 3901 concessam,
745 3830 780 3890 ut
809 3820 901 3902 juxta
935 3820 1148 3905 conscientiae
1179 3845 1259 3892 suae
1290 3829 1365 3892 ddu-

228 3905 328 3986 ciam,
347 3913 450 3968 utrum
471 3904 588 3968 audeat
608 3913 663 3967 aut
683 3925 745 3968 non
765 3905 881 3968 audeat
900 3905 1078 3970 sacrificare
1099 3909 1160 3973 deo
1181 3931 1223 3976 ex
1244 3914 1295 3979 sui
1311 3935 1368 3998 pc·

228 3987 293 4052 tius
324 3986 438 4137 prbitrii
473 3997 656 4077 potestate,
699 4009 792 4077 qnam
830 4009 872 4056 cx
906 3988 1003 4060 nostri
1030 3992 1139 4077 judieii
1171 3999 1371 4084 permissione

227 4091 323 4161 proce
346 4082 386 4140 at
678 4113 685 4124 ι
1051 4079 1055 4088 ’

231 4244 429 4276 Μ’·-
549 4240 553 4243 ’

179 4445 183 4458 ἱ
267 4362 296 4430 ¹)
313 4362 500 4482 t’rwusttiootp
512 4361 545 4444 ll,
558 4360 728 4481 i.‚letltr1.ll
753 4387 800 4398 —·
840 4355 870 4468 ¹⁴)
887 4358 1057 4484 wilwino
1072 4363 1110 4420 Μ.
1162 4397 1197 4409 -
1237 4333 1279 4436 u)
1296 4369 1375 4424 domi

268 4432 598 4568 ⁶)u3mboi3J-mopprltsst
615 4465 716 4564 ἐπ”)
731 4426 927 4564 ebiberim.
953 4435 992 4540 t·-
1027 4437 1254 4570 tsmoiriilidiiti
1268 4439 1375 4564 diddi-
