2912 5060
181 283 249 356 2⁰4
493 279 716 353 CONGILIUM
737 281 1029 352 uenerabundi.

269 542 348 605 item
373 539 509 623 placuit,
536 547 572 604 ut
597 536 638 604 (le
663 540 844 620 poenitente
864 559 928 605 non
949 537 1176 620 admittatur¹)'
1199 535 1241 604 ad
1268 541 1342 604 ele-
1377 585 1380 592 .

184 647 268 710 rom,
289 628 350 690 nisi
369 626 534 706 tantum²)
559 627 736 688 necessitas
758 635 813 688 aut
832 644 911 688 usus
931 628 1075 710 exegerit
1093 624 1218 705 iuter³)
1236 627 1340 688 ostia-

184 717 248 778 rios
269 713 434 796 deputetur
454 713 507 774 vel
527 713 607 773 inter
627 711 773 793 lectores,
787 713 843 774 ita
862 720 898 773 ut
920 705 1087 796 evangelia
1109 722 1141 774 et
1163 711 1340 792 apostolum

185 819 248 863 non
284 799 390 881 legat:
411 801 416 808 '
434 799 462 860 si
494 797 547 879 qui
583 805 688 858 autem
714 807 788 859 ante
815 797 944 860 ordinati
970 807 1043 860 sunt
1070 797 1278 860 subdiacones
1292 795 1339 878 ⁴),

91 935 97 951 .
184 885 266 949 inter
291 883 500 947 subdiacones
527 882 715 963 habeantur,
741 883 786 944 ita
812 891 847 944 ut
872 902 995 946 manum
1021 903 1083 946 non
1104 885 1262 964 imponant
1283 891 1340 944 aut

76 989 78 996 ’
185 989 279 1035 sacra
306 989 368 1033 non
397 969 588 1050 contingant.
612 969 682 1030 ‘Ex
692 966 726 1045 ⁵)
751 969 933 1048 poenitente
958 988 1034 1030 vero
1061 969 1192 1032 dicimus
1219 968 1260 1030 de
1287 987 1338 1049 eo,

189 1055 287 1140 qui⁸)
314 1064 387 1138 post
412 1055 599 1135 baptismum
626 1061 680 1115 aut
706 1072 761 1134 pro
783 1053 948 1116 homicidio
969 1063 1024 1116 aut
1042 1073 1097 1136 pro
1119 1055 1254 1117 diversis
1274 1055 1339 1116 oria·

185 1143 318 1212 minibus
334 1141 590 1224 gravissimisque
610 1139 753 1219 peccatis
770 1139 925 1218 publicam
941 1139 1162 1220 poenitentiam
1178 1158 1295 1224 gerens
1304 1137 1338 1218 a)

186 1228 245 1292 sub
266 1227 368 1290 cilicio
379 1226 413 1306 ⁸)
436 1225 540 1288 divino
561 1225 653 1288 fuerit
672 1225 891 1370 recqurlciliatus
912 1226 1030 1289 altario.

268 1397 347 1458 ltem
368 1393 532 1458 constitnit
552 1401 662 1456 saneta
682 1355 835 1477 synodus,
856 1402 891 1456 ut
911 1397 1011 1459 lector
1030 1393 1142 1478 fidelis,
1163 1393 1191 1456 si
1210 1383 1351 1456 viduam*

185 1483 313 1546 alterius
332 1499 461 1543 uxorem
482 1479 656 1562 acceperit,
677 1481 808 1561 amplius
830 1481 905 1544 nihil
926 1483 986 1565 sit,
1014 1480 1073 1544 sed
1094 1499 1218 1564 semper
1238 1480 1338 1544 lector

183 1568 335 1632 habeatur
355 1575 409 1630 aut
429 1567 508 1628 forte
528 1565 781 1714 subdiaconusiv
843 1627 846 1634 ,
892 1591 894 1600 ⁴

268 1737 488 1800 Subdiaoonus
515 1743 619 1804 autem
640 1734 788 1801 dedrncta
808 1753 907 1799 uxore
928 1736 956 1798 si
977 1735 1068 1799 aliam
1090 1733 1228 1818 duxerit,
1259 1733 1336 1814 et')

185 1825 224 1888 ab
247 1823 348 1886 oflicio
368 1825 400 1884 in
421 1841 482 1904 qno
506 1822 665 1884 ordinatus
686 1825 787 1885 dierat
807 1830 1011 1904 removeatur,
1034 1830 1067 1883 et
1087 1821 1238 1883 habeatur
1257 1821 1339 1882 inter

185 1911 329 1972 ostiarios
348 1909 402 1969 vel
423 1910 504 1969 inter
524 1909 673 1988 lectores,
701 1909 744 1969 ita
763 1916 799 1968 ut
820 1909 1019 1989 evangelium
1041 1915 1074 1968 et
1094 1907 1269 1986 apostolum
1282 1905 1338 1984 ¹⁰)

185 2013 247 2056 non
268 1995 371 2076 legat,
392 2001 558 2074 propterea
576 2011 617 2052 ne
639 1994 691 2073 qul
713 1993 869 2054 ecclesiae
890 1994 1049 2073 servierit,
1069 1993 1202 2074 publicis
1223 1991 1338 2054 officiis

186 2079 304 2142 servire
320 2077 478 2140 videatur:
505 2077 653 2158 quivero
675 2081 806 2158 tertiam,
828 2078 911 2159 quod
932 2097 993 2140 nec
1014 2078 1179 2140 dicendum
1200 2085 1254 2139 aut
1275 2095 1338 2138 au-

186 2163 332 2228 diendum
360 2171 425 2244 eat,
453 2162 627 2242 acceperit,
656 2163 820 2224 abstentus
846 2163 977 2228 biennio¹
995 2172 1109 2246 postea
1133 2165 1211 2226 inter
1235 2163 1337 2225 laicos

185 2248 404 2314 reconciliatus
423 2266 479 2328 per
498 2247 720 2329 poenitentiam
742 2250 957 2312 communicet.

268 2417 438 2501 Presbyter
457 2415 510 2500 uel
533 2415 684 2480 diaconus
703 2421 757 2480 vel
778 2407 989 2484 subdiaconus
1005 2420 1058 2482 vel
1080 2419 1208 2502 quilibet
1228 2416 1335 2480 eccle-
1445 2435 1448 2462 ⁴

186 2508 254 2572 siae
282 2499 450 2585 deputatus
476 2503 628 2586 clericus,
664 2505 693 2566 si
720 2505 800 2568 intra
826 2507 987 2568 civitatem
1015 2505 1107 2568 fuerit
1133 2505 1187 2566 vel
1214 2503 1245 2564 in
1264 2503 1337 2564 loco

186 2595 301 2674 inquo
324 2589 534 2651 estecclesia
561 2597 616 2651 aut
644 2592 808 2652 castellum
836 2599 890 2653 aut
911 2591 1070 2670 vicus11)
1098 2599 1152 2652 aut
1177 2590 1269 2669 villa,
1303 2595 1338 2648 at

186 2679 227 2742 ad
248 2677 416 2740 ecclesiam
439 2674 479 2736 ad
499 2674 686 2737 sacrificium
706 2677 917 2758 quotidianum
937 2697 999 2738 non
1019 2677 1141 2739 venerit
1153 2674 1222 2756 ¹²),
1243 2674 1339 2736 cleri-

187 2781 245 2828 cus
266 2779 329 2824 nou
349 2761 514 2841 habeatur,
542 2761 571 2821 si
597 2761 838 2844 castigatus¹³)
865 2781 922 2843 per
944 2761 1190 2826 satisfactionem
1210 2761 1338 2822 veniam

186 2851 226 2914 ab*
248 2848 397 2930 episeopo
414 2845 612 2924 noluerit¹⁴l
633 2849 807 2926 promereri.
1085 2854 1087 2860 ’

270 3017 349 3080 Item
377 3034 418 3078 ne
439 3032 502 3095 qua
516 3012 570 3093 1ὅ)
602 3016 706 3095 puella
726 3017 779 3088 dei¹
797 3025 852 3080 aut
872 3017 1109 3079 familiaritatem
1129 3015 1245 3078 habeat
1266 3034 1338 3082 cum

186 3105 369 3170 confessore
403 3107 458 3162 aut
489 3118 560 3161 cum
589 3098 726 3180 quolibet
751 3103 832 3164 laico
860 3104 919 3167 sibi
946 3103 1109 3185 sanguinis
1137 3101 1249 3184 alieni,
1283 3098 1361 3163 aut'

187 3189 366 3255 convivium
387 3186 456 3248 sola
476 3183 584 3266 adeat,
610 3186 670 3246 nisi
690 3187 744 3248 ubi
770 3189 812 3248 sit
832 3189 987 3266 seniorum
1008 3189 1181 3269 frequentia
1202 3193 1256 3249 aut
1277 3188 1339 3248 ho-

187 3285 345 3340 nestorum
358 3280 413 3334 aut
424 3270 585 3332 viduarum
599 3271 871 3356 honestarumque,
883 3274 935 3334 ubi
946 3273 1079 3334 honeste
1092 3273 1253 3334 confessor
1267 3273 1339 3354 qui-

187 3363 264 3424 libet
277 3377 347 3422 cum
361 3357 556 3438 plurimorum
570 3359 746 3420 testimonio
758 3359 903 3421 convivio
918 3359 1072 3421 interesse
1081 3359 1184 3438 possit
1189 3361 1199 3395 ¹
1209 3356 1258 3440 ⁰),
1268 3377 1339 3419 cum
1358 3381 1362 3386 ’

186 3445 354 3508 lectoribus
384 3450 488 3502 autem
512 3443 543 3502 in
571 3443 707 3522 ipsorum
737 3443 878 3506 domibus
904 3463 973 3520 non·
987 3443 1195 3506 admittendas
1214 3445 1341 3523 penitus

188 3549 249 3596 nec
268 3525 438 3608 videndas,
468 3527 529 3588 nisi
549 3527 627 3588 forte
649 3531 883 3612 consanguinea
903 3537 989 3591 soror
1010 3530 1052 3591 sit
1072 3529 1126 3590 vel
1146 3532 1276 3591 uterina

271 3695 413 3776 Placuit,
441 3701 476 3756 ut
504 3694 533 3756 si
560 3694 810 3778 cuicumqu01')
840 3698 1020 3761 clerioomm
1041 3719 1162 3775 uxores
1176 3717 1339 3780 peccave-

189 3786 268 3865 rint,
288 3801 329 3843 ne
350 3781 437 3844 forte·
449 3780 606 3842 licentiam
627 3783 780 3862 peccandi
799 3784 871 3864 plus
891 3784 1043 3866 habeant,
1064 3787 1219 3866 accipiant
1239 3785 1340 3846 mariti

107 3893 113 3908 ¹
181 3887 295 3934 aarum
320 3867 403 3928 hanc
428 3873 617 3946 potestatem
643 3877 766 3949 praeter
785 3888 896 3934 necem
917 3870 1128 3953 custodiendi,
1156 3868 1340 3953 ligandi¹⁸J

190 3955 222 4018 in
245 3953 336 4016 domo
358 3969 433 4030 sua,
462 3949 502 4014 ad
525 3950 645 4031 jejunia
664 3955 813 4018 salutaria
832 3974 895 4016 non
918 3955 1073 4018 mortifera
1094 3964 1265 4038 cogentes,
1294 3955 1340 4015 ita

190 4047 226 4102 ut
257 4037 392 4100 invicem
423 4035 483 4102 eibi
515 4037 620 4102 clerici
646 4057 803 4122 pauperes
830 4039 977 4102 auxilium
1003 4039 1120 4124 ferant,
1153 4042 1182 4103 si
1211 4040 1342 4103 servitia

101 4193 104 4198 Ι
190 4179 387 4196 μ-

228 4237 256 4305 1)
274 4244 302 4287 ot
321 4239 476 4302 poeaitetles
492 4255 542 4290 eoo
559 4237 728 4290 odorittccrtru·
744 4235 772 4288 in
789 4253 824 4288 m.
839 4224 878 4290 M.
917 4264 952 4278 -
993 4241 1023 4309 2)
1041 4242 1065 4292 si
1083 4242 1143 4296 add.
1161 4245 1199 4298 M.
1232 4271 1268 4284 ——

227 4309 503 4374 blotterroa'aterin
522 4309 611 4359 mill.
646 4337 681 4347 —
716 4306 746 4374 ⁴)
764 4307 883 4359 dioeooee
899 4309 936 4362 M.
971 4339 1007 4350 --
1043 4311 1281 4378 ⁵)omom.aM.
1305 4337 1341 4354 -ι-

135 4425 140 4436 ,
227 4381 256 4446 ⁰)
275 4392 330 4428 eoru
347 4393 405 4430 uero
422 4379 589 4444 poenitentem
606 4377 713 4428 uictores
730 4377 773 4443 qui
790 4375 819 4428 in
835 4394 870 4429 m.
888 4379 925 4432 M.
960 4409 996 4420 -
1032 4380 1060 4447 l)
1078 4398 1155 4448 operas
1172 4384 1218 4436 AE.
1253 4411 1290 4424 -

227 4447 256 4515 ⁸)
273 4447 379 4498 coneilio
395 4447 424 4498 in
441 4463 475 4498 nr.
492 4445 529 4498 Μ.
562 4475 598 4486 -
634 4445 663 4512 ⁹)
682 4447 862 4500 etormalll.
897 4472 933 4490 ·-
968 4448 1017 4517 10)
1036 4452 1170 4517 epistolum
1186 4453 1215 4504 in
1233 4469 1268 4505 m.
1285 4451 1332 4506 M:

224 4513 273 4583 Η)
290 4517 394 4566 castello
414 4522 460 4566 cut
477 4515 532 4566 vico
549 4516 587 4570 Μ.
621 4543 656 4554 -
697 4515 747 4584 12)
764 4518 899 4570 occesserit
914 4519 951 4570 Μ.
992 4549 1024 4560 -
1069 4513 1118 4588 ¹³)
1136 4523 1278 4589 castigatus
1291 4539 1343 4574 oon

113 4655 116 4658 ‚
259 4584 427 4637 emendaverit
444 4583 475 4636 iu
492 4600 526 4636 nr.
543 4587 580 4638 Μ.
616 4614 652 4627 --
684 4584 877 4654 1⁴)ootoitin
894 4605 928 4640 m.
945 4587 981 4640 Μ.
1017 4617 1051 4630 -·
1088 4591 1138 4658 1⁵)
1156 4608 1234 4658 oeque
1248 4591 1287 4646 M.
1306 4621 1342 4632 -

224 4653 273 4721 ιθ)
291 4654 385 4720 poterit
402 4653 438 4706 Μ.
480 4684 514 4696 -
548 4651 597 4723 Η)
615 4670 822 4726 quormammqoe
838 4656 874 4710 M.
911 4687 945 4699 -—
978 4657 1324 4728 1⁸)curaaettpoadttl.
