2912 5060
378 214 620 288 oouommu
641 215 913 290 ‘ronnrmnrr
930 219 985 290 ru.
1192 224 1261 298 aaa
1307 171 1312 176 ¹

99 389 212 458 tacite.
227 407 299 454 cnm
325 388 451 461 fletibus
471 399 566 472 atque
587 391 773 476 gemitibus,
798 409 882 458 arms
903 411 946 458 ex
967 396 1127 479 episcopis
1147 401 1257 465 senio-
1294 450 1296 456 ,

100 480 188 549 ribus
219 495 358 560 surgens
392 477 563 562 orationem
589 477 692 558 palam
720 477 830 542 undar
856 480 897 543 ad
924 481 1099 564 dominura,
1131 482 1258 549 cunctis

101 563 206 626 adhuc
233 563 266 622 in
295 569 377 624 terra
399 559 589 640 jacentibus.
634 563 739 626 Finita
764 573 869 626 autem
890 567 1029 628 oratione
1048 577 1084 630 ct
1102 577 1257 648 response

101 651 145 712 ab
165 648 327 708 acoribus:
353 647 472 726 Arnen,
494 664 603 720 rursus
621 647 706 712 dicat
726 647 942 728 diaconus1J:
973 651 1094 736 Erigite
1114 671 1192 736 vcs3
1221 663 1255 718 ct

101 732 268 798 confestim
293 749 403 793 omnes
431 740 563 813 surgant
589 740 713 795 etcum
733 735 819 794 omni
836 735 945 796 timore
965 733 1017 798 dei
1029 745 1071 803 ,et
1089 736 1258 819 disciplina

101 828 167 882 mm
187 817 329 898 episcopi
344 833 436 897 quam
454 815 658 898 presbyteres
677 817 820 899 sedeant,
840 819 952 899 sicque
972 822 1113 883 omnibus
1132 823 1165 884 in
1186 825 1260 887 suis·-

101 903 183 967 locis
209 905 242 964 in
268 901 392 964 silentio
421 900 664 964 consedentibus
688 901 840 965 &conus
867 905 938 966 alba
965 901 1254 971 indutus.codicem

101 1003 256 1052 murm
280 987 313 1048 in
338 984 518 1064 mediana)
545 985 705 1066 proferens
730 988 866 1066 capitula
893 989 934 1050 de
956 989 1097 1052 conciliis
1118 993 1257 1073 agendis
1314 1021 1316 1028 ·

101 1073 297 1156 pronuntiet,
320 1069 479 1152 finitisque
505 1069 605 1132 titolis
624 1073 879 1151 metropolitanus
900 1073 1069 1155 episeopus
1085 1077 1274 1138 concilium·

102 1160 277 1238 alloquatur
297 1153 426 1218 docos:
453 1155 555 1235 Ecce,
577 1156 768 1218 sanctissimi
788 1157 986 1238 sacerdotes,
1007 1157 1159 1221 recitatae
1179 1170 1254 1222 sunt

102 1259 151 1306 ex'
165 1241 337 1304 moenibus
362 1236 579 1320 priscorumi)
606 1247 728 1318 patrum
753 1241 930 1304 sententiae
949 1242 991 1304 de
1011 1233 1143 1306 concilio
1164 1246 1256 1307 cele·

103 1326 238 1408 boando,
264 1326 377 1406 siqua
395 1325 492 1406 igitur
512 1324 687 1405 quempiam
705 1333 845 1386 vestrum
864 1327 949 1388 actio
971 1336 1149 1404 commovet
1154 1331 1170 1411 ,'
1194 1348 1259 1392 co-·

101 1430 167 1476 ram
188 1411 256 1474 suis
276 1410 420 1472 fratribus
439 1417 600 1490 proponat.
633 1409 723 1471 Tunc
743 1410 772 1471 si
792 1403 905 1490 aliquis
924 1429 1152 1493 quamcumque
1172 1431 1254 1495 que-
1368 1413 1371 1420 ¹

102 1497 296 1576 relamquae
311 1493 420 1556 contra
440 1491 617 1570 canones‘)
639 1493 707 1576 agit
726 1492 758 1554 in
778 1495 966 1557 audientiam
982 1497 1254 1578 sacerdotalem⁵)

101 1581 354 1664 prouderit,.non
373 1577 458 1658 prius
480 1577 521 1637 ad
542 1577 626 1638 aliud
647 1586 824 1640 transeatur
843 1579 1021 1662 capitulum,
1041 1583 1102 1644 nisi
1122 1583 1252 1662 primum

103 1684 186 1749 quae
205 1663 363 1744 proposita
384 1663 436 1722 est
455 1662 540 1722 actio
557 1662 756 1743 terminatum
785 1681 856 1726 nam
885 1673 919 1726 ct
945 1666 974 1726 si
1000 1668 1166 1748 presbyter
1193 1667 1254 1730 ali-

77 1765 83 1775 ·
102 1753 176 1834 quis
202 1756 255 1810 aut
280 1747 447 1826 diaconus,
473 1745 607 1816 clericus
635 1747 705 1807 slve
725 1747 825 1810 laicus
846 1749 886 1810 de
907 1749 939 1810 hi

46 1903 50 1909 ,
102 1839 172 1916 rint,
194 1833 359 1896 concilimn
378 1849 434 1911 pro
450 1831 587 1910 qualibet
608 1849 642 1892 rc
663 1831 828 1894 crediderit
840 1767 1073 1917 -appclfandurn,
1094 1837 1253 1900 ecclesiae

102 1919 358 1999 metropolitanae
386 1915 603 1978 archidiacono
624 1933 754 1978 causam
768 1921 863 1979 ‘suam
883 1919 1019 2000 intimet,
1048 1929 1081 1981 et
1100 1922 1153 1982 ille
1172 1938 1253 1985 con-

76 1999 80 2006 *
103 2007 173 2070 cilio
195 2003 373 2081 denuntict3
401 2008 478 2064 tunc
501 2001 546 2062 illi
567 2008 600 2062 et
620 2000 793 2063 introeundi
814 2011 848 2064 ct
866 2003 1056 2083 proponendi
1065 2003 1100 2082 θ)
1125 2005 1263 2070 licentia*
1289 2028 1292 2035 ·

104 2088 303 2154 concedatur.
343 2086 457 2148 Nullus
483 2093 589 2167 autem
617 2087 833 2166 episcoporum
861 2106 884 2149 a
901 2095 995 2150 coetu
1015 2092 1170 2152 communi
1195 2111 1253 2154 se·
1313 2117 1317 2123 ¹

103 2176 197 2239 cedat
217 2181 383 2252 antequam
404 2171 480 2232 hora
499 2170 656 2253 generalis
676 2172 868 2234 secessionis
889 2172 1056 2254 adveniat3
1087 2176 1252 2238 concilium

102 2259 226 2342 quoque
247 2257 349 2319 nullus
375 2256 499 2318 solvere
526 2255 642 2316 audeat
667 2256 728 2316 nisi
743 2256 869 2336 xluerint
895 2265 1010 2319 cuncta
1038 2257 1251 2343 determinata,

102 2347 148 2408 ita
166 2353 203 2405 ut
217 2359 432 2424 quaecumque
454 2340 676 2402 deliberatione
697 2341 852 2402 communi.
870 2341 1015 2403 finiuntur
1035 2343 1253 2424 cpiscoporum

102 2432 152 2494 sin
176 2429 293 2490 ulomm
313 2426 455 2488 manibus
474 2423 723 2506 subscribantur3
750 2432 827 2487 tunc
846 2426 928 2494 enim
949 2426 1029 2486 deus
1048 2443 1173 2490 snorum
1194 2423 1253 2492 sa-

102 2448 262 2579 corfinium
281 2514 436 2574 iuteresse
457 2509 631 2570 credendus
653 2516 713 2588 est,
733 2509 762 2568 si
782 2511 915 2570 tumidtu
936 2511 1019 2570 omni
1039 2509 1163 2590 abjecto
1183 2515 1253 2576 sol-

102 2599 187 2664 licite
208 2591 303 2680 atque
323 2594 485 2676 tranquille
506 2593 728 2738 ecclesiasque
747 2594 877 2676 negotia
896 2595 1105 2658 terminentur.
1260 2601 1262 2610 “

150 2813 154 2822 .
187 2765 284 2829 'Solet
307 2765 340 2824 in
365 2762 527 2844 Hispaniis
556 2759 596 2822 de
622 2761 820 2822 solemnitate
847 2762 989 2842 paschali
1014 2763 1154 2825 varietas
1179 2764 1251 2826 exi-

101 2861 187 2916 stere
206 2848 461 2931 praedicationis,
483 2845 608 2906 diversa
629 2845 710 2906 enim
732 2847 933 2910 observantia
952 2847 1173 2910 laterculorum*
1189 2865 1253 2929 pa-

101 2937 218 3001 schalis
241 2933 427 2996 festivitatis
452 2930 608 2992 interdum
631 2949 763 2992 errorem
791 2933 941 3014 parturit3
969 2933 1098 3012 proinde
1124 2935 1273 3014 placuit.

99 3029 136 3085 ut
158 3030 232 3084 ante
252 3028 318 3081 tres
336 3035 464 3080 menses
483 3015 723 3096 Epiphaniorum
744 3017 971 3097 metropolitani
999 3017 1184 3080 sacerdotes
1210 3018 1252 3079 li-

100 3107 177 3170 teris
204 3125 241 3168 sc
267 3105 401 3166 invicem
426 3101 599 3182 inquirant,
634 3107 670 3160 nt
699 3104 852 3163 communi
878 3103 1011 3164 scientia
1039 3102 1144 3164 edocti
1169 3101 1252 3165 diem

99 3190 334 3255 resurrectionis
350 3187 469 3250 Christi
489 3195 522 3247 ot
543 3185 853 3262 comprovincialibus
873 3188 941 3249 suis
961 3185 1119 3249 insinuent
1139 3195 1172 3249 et
1188 3205 1253 3250 uno

99 3287 238 3359 tempore
259 3269 476 3337 celebrandum
497 3269 695 3414 aununtierpp.I
780 3275 784 3282 ’

103 3449 127 3462 ”
182 3443 233 3505 Dc
263 3440 409 3522 baptismi
431 3446 540 3504 autem
567 3445 762 3500 sacramento
787 3437 1018 3518 propterquod
1038 3439 1070 3500 in
1089 3440 1254 3522 Hispaniis

98 3528 226 3612 quidam
246 3525 429 3588 sacerdotes
449 3525 577 3604 trinam,
608 3523 732 3604 quidam
753 3523 895 3604 simplam
915 3525 1107 3586 mersionem.
1123 3525 1251 3608 facirmt,

99 3633 120 3675 a
141 3610 295 3673 nonnullis
321 3609 458 3671 schisma
484 3627 559 3670 esse
586 3611 776 3690 conspicitur
803 3618 836 3670 et
855 3608 960 3670 onitas
982 3608 1055 3670 lidei
1075 3610 1177 3672 scindi
1197 3613 1251 3672 vi·

98 3697 211 3777 detur3
248 3701 320 3756 nani
348 3693 420 3754 dum
446 3701 552 3772 portes
565 3691 599 3771 a)
632 3695 756 3783 diverso
788 3701 822 3756 et
854 3693 945 3776 quasi
976 3695 1129 3756 contrario
1157 3695 1249 3756 modo

97 3788 213 3864 agunt,
246 3781 298 3842 alii
324 3779 403 3842 alios
429 3796 491 3840 non
519 3777 741 3858 baptizatos⁸J
773 3795 847 3840 csse
877 3778 1104 3842 contendunt:'
1121 3779 1249 3859 proinde

98 3865 173 3949 quid
194 3884 214 3928 a
234 3866 324 3932 nobis
344 3865 377 3942 iu
395 3863 457 3924 bac
477 3864 664 3924 sacramenti
684 3863 867 3926 diversitate
893 3861 1075 3942 senemr)
1100 3865 1144 3926 sit
1169 3883 1276 3945 apo-=
1320 3935 1322 3940 ,

97 3951 229 4013 stolioae
249 3951 337 4014 sedis
356 3949 552 4010 informemur
572 3949 766 4030 praeceptis,
796 3965 858 4009 non
888 3955 1027 4010 nostram
1055 3949 1115 4010 sed
1140 3959 1250 4029 pater-

95 4053 168 4098 nam
189 4037 414 4100 institutionem
433 4041 614 4116 sequentes.
663 4035 783 4096 Beataa
810 4033 905 4116 igitur
929 4034 1098 4112 memoriae
1120 4032 1249 4118 Grego-

9 4313 17 4332 ,
135 4280 164 4348 1)
181 4279 371 4334 archidiaconos
387 4282 429 4334 Μ.·
459 4269 513 4322 -Ὶ
541 4281 571 4350 ²)
589 4280 616 4332 io
633 4281 714 4334 medio
735 4281 775 4334 Μ.
810 4311 847 4340 ,-
890 4281 920 4350 8)
937 4280 1084 4344 abactam
1100 4283 1138 4336 m.
1173 4313 1209 4330 ψ-

129 4349 160 4419 ⁴)
176 4341 297 4402 cononem
318 4349 355 4404 M.
395 4379 431 4392 -
484 4348 514 4417 ὅ)
530 4351 557 4400 in
575 4349 706 4403 audiretis
722 4349 877 4403 socerdotrdr'
900 4353 938 4405 M.
980 4379 1018 4394 ·-
1068 4352 1098 4421 t)
1115 4354 1246 4421 poemenen

161 4419 228 4472 Luc.
267 4448 303 4459 —
356 4419 385 4488 t)
401 4426 490 4487 potres
505 4419 544 4470 Μ.
583 4445 619 4458 -
672 4419 701 4488 ⁸)
723 4436 783 4472 cara
800 4421 860 4474 dum
876 4429 966 4486 porres
982 4423 1097 4475 oberarre
1114 4425 1143 4475 in
1159 4423 1246 4490 bapti-

162 4489 257 4542 zcodia
273 4491 360 4559 aliquo
376 4488 507 4548 cantatorio
524 4487 598 4538 crode
615 4495 708 4556 cpont,
725 4489 759 4540 ot
776 4490 838 4542 aliia
854 4505 904 4542 trata
921 4490 1071 4562 brtptizctos
1086 4491 1114 4543 in
1134 4509 1167 4544 ro.
1186 4493 1222 4544 bl.
1340 4491 1344 4504 ’

128 4559 157 4629 ⁹)
175 4559 310 4624 finiesdom
326 4561 397 4624 Bra,
415 4563 442 4611 et
459 4556 554 4610 blansi.
591 4587 625 4598 -
971 4591 974 4602 ,
1085 4567 1090 4576 ·

979 1751 1033 1830 qui
1051 1751 1128 1813 foris
1147 1760 1253 1814 stete-
1277 1761 1278 1770 ’
1338 1809 1340 1818 .
