2880 5050
217 175 222 182 ’
321 209 562 297 mnomnm
581 207 852 292 romonum
871 211 976 328 xva
1156 210 1220 280 aaa
1311 221 1324 243 ι

372 386 431 451 De
457 384 601 469 regula
628 391 776 448 saneta
803 370 916 448 ridel.

134 488 350 556 Necessarius
369 487 445 552 ordo
461 487 617 569 deposcit,
637 493 673 548 ut
686 485 861 550 secundum
876 485 966 549 Pauli
979 487 1068 550 vasis
1085 486 1221 551 electio·

53 579 122 642 nis
147 575 286 641 edictum
312 581 388 636 ante
412 572 532 636 initium
551 591 813 654 quarumcumque
833 591 997 636 causarum
1016 592 1147 656 regnum
1168 574 1221 638 del

56 672 258 746 quaeratur,
296 667 453 742 quatenus
485 677 525 720 ea
550 677 631 740 quae
659 667 830 740 sequenter
858 657 984 741 agenda
1009 667 1083 720 sunt
1104 657 1223 739 justis·

57 751 154 812 sime
180 747 353 829 opitulante
379 745 501 808 domino
530 744 740 806 terminentur.
786 745 838 806 Ac
864 743 992 824 proinde
1018 754 1222 825 opportunum

59 835 141 896 fore
168 832 401 914 perspeximus,
431 828 505 892 fidei
533 838 664 892 sanctae
691 830 897 912 mysterium,
929 829 1012 910 quod
1034 839 1085 892 est
1111 834 1224 895 salutis
1295 869 1320 888 ,ι

56 926 201 982 nostrae
231 917 468 980 inconvulsibile
504 914 736 977 fundamentum
748 958 758 995 ,
793 933 846 976 ore
875 915 996 995 proprio
1021 916 1159 996 pandere
1188 925 1223 981 et

58 1005 251 1068 ructatione
272 1001 375 1065 cordis
395 1001 501 1082 patule
522 1018 680 1062 enarrare:
699 999 814 1062 idcirco
835 999 1003 1063 credentes
1017 1010 1051 1063 et
1066 1003 1224 1065 confiten-

62 1099 128 1153 tes
150 1109 190 1152 ea
210 1107 291 1172 quae
311 1088 344 1149 in
364 1088 505 1149 omnibus
524 1086 645 1149 sanctis
665 1085 807 1148 conciliis
832 1093 1073 1168 sanctorumque
1099 1097 1223 1170 patrum

64 1176 211 1240 oraculis
230 1173 367 1257 gloriosa
387 1171 545 1235 confessio
566 1171 709 1253 protulit,
736 1171 868 1254 symboli
890 1171 985 1234 etiam
1005 1173 1119 1236 seriem
1141 1194 1224 1256 quae

65 1263 175 1325 totius
195 1267 327 1323 sanctae
346 1257 421 1320 ndei
439 1257 580 1322 eontinet
599 1263 798 1320 sacramenta
819 1257 881 1319 oris
902 1259 999 1320 nostri
1024 1260 1225 1324 confessione

63 1348 268 1431 proferimus.

163 1431 328 1496 Credimus
347 1428 379 1490 in
396 1445 492 1490 unum
511 1424 604 1490 deum
625 1431 747 1506 patrem
766 1433 829 1489 etc.
844 1424 888 1505 ¹).

165 1595 237 1676 Qua
267 1604 377 1659 nestra
406 1593 592 1660 credulitate
604 1639 614 1677 ,
647 1601 685 1657 nt
716 1601 896 1656 sanctorum
925 1603 1047 1677 patmm
1080 1596 1228 1662 adunatio

74 1681 197 1764 edidit,
223 1680 406 1760 reseratu)
426 1690 523 1762 atque
542 1680 647 1762 limta,
674 1678 715 1744 ad
737 1697 777 1742 ea
797 1699 879 1762 quae
899 1691 974 1746 sunt
998 1684 1228 1768 subsequenter

75 1769 220 1853 agenda,
241 1766 428 1833 definitionis
448 1776 576 1830 nostrae
596 1765 759 1828 articulum
778 1767 938 1830 vertinns.
1217 1792 1220 1803 ’

167 1938 335 2002 'bernarius
359 1951 504 1999 numerus
532 1937 565 1998 in
591 1953 631 1998 eo
656 1935 741 2017 quod
760 1935 879 1998 initium
899 1935 1097 2020 mediumque
1116 1938 1231 2004 linem-

78 2041 145 2107 qne
165 2026 293 2087 sortitur
315 2023 461 2086 trinitatis
482 2023 624 2104 speciem
644 2023 770 2104 signare
789 2021 928 2103 videtur,
949 2041 989 2086 ac
1007 2024 1137 2104 proinde
1159 2028 1233 2108 quia

78 2112 292 2174 numerositas
311 2107 510 2172 sacerdotum
530 2109 563 2170 in
582 2109 705 2170 nomine
726 2115 857 2170 sanetae
877 2109 1024 2171 trinitatis
1039 2129 1095 2190 pro
1108 2111 1231 2193 synodo

78 2195 265 2278 peragenda
286 2195 405 2257 assolet
419 2192 454 2272 3)
482 2190 691 2276 congregari,
717 2201 889 2274 opportune
914 2193 1139 2258 instituendum
1159 2215 1234 2260 cre-
1319 2262 1326 2276 ‚

83 2280 188 2342 dimus
208 2281 239 2342 in
260 2281 346 2342 initio
366 2279 466 2340 tetius
487 2277 698 2359 adunationis,
719 2286 755 2340 nt
775 2279 866 2340 trium
887 2278 1004 2340 diemm
1025 2281 1138 2362 spatiis
1157 2301 1234 2363 per-

83 2373 228 2428 currente
245 2363 361 2446 jejunio
383 2365 425 2427 de
445 2365 595 2446 mysterio
615 2371 747 2425 sanctae
767 2363 914 2424 trinitatis
932 2364 1064 2444 aliisque
1084 2367 1235 2448 spiritua-

5 2493 7 2530 ,
82 2451 166 2524 libus
187 2451 258 2512 sive
279 2469 334 2532 pro
349 2450 487 2512 moribus
500 2447 697 2511 sacerdotum
711 2447 913 2530 corrigendis,
928 2449 1012 2510 nullo
1027 2451 1234 2536 saecularium

86 2538 279 2616 assistente,
314 2537 395 2598 inter
429 2551 487 2598 eos
518 2531 670 2596 habeatur
701 2533 849 2615 collatio,
881 2534 926 2595 ita
957 2553 1070 2614 nempe
1097 2543 1133 2597 'ut
1160 2536 1234 2600 dum

6 2671 8 2700 ,
86 2623 213 2703 scriptis
242 2623 349 2686 causis
376 2621 435 2683 sub
463 2620 595 2682 nominis
622 2619 718 2681 divini
745 2619 854 2680 timore
880 2638 938 2699 per
964 2619 1099 2682 triduum
1127 2619 1236 2686 habita

85 2709 178 2770 fuerit
199 2707 380 2786 altercatio,
403 2703 544 2786 ejusdem
566 2713 696 2767 sanctae
718 2705 864 2767 trinitatis
880 2703 1041 2784 juvamine
1061 2713 1235 2772 ceterarum

85 2809 249 2858 cansarum
269 2793 398 2876 negotia
417 2789 616 2853 inoffensibili
635 2798 826 2874 peragantur
844 2791 1002 2854 instantia.
1055 2813 1056 2818 ¹
1222 2804 1224 2810 ¹

7 3021 8 3040 2
171 2961 264 3024 hicet
290 2963 322 3023 in
347 2961 434 3024 initio
455 2959 718 3044 quadragesimae
737 2959 917 3042 baptizandi
937 2961 1125 3044 generaliter
1146 2961 1237 3025 olau-

7 3113 8 3120 χ
89 3045 179 3110 datur
197 3047 396 3131 mysterium,
417 3057 523 3110 tamen
543 3047 623 3127 ut⁴)
645 3047 885 3111 ecclesiasticae
905 3047 1140 3110 consuetudinis
1161 3047 1236 3112 crdo

88 3132 251 3213 deposcit,
284 3151 421 3195 necesse
436 3133 469 3212 ⁵)
501 3141 577 3214 est,
610 3141 647 3195 nt
675 3134 757 3196 ostia
782 3133 955 3212 baptisterii
983 3131 1015 3194 in
1044 3132 1155 3195 eodem
1184 3134 1237 3196 die

89 3217 258 3298 pontificali
277 3237 371 3280 manu
392 3227 427 3280 et
440 3218 475 3297 ⁸)
497 3218 610 3280 annulo
632 3217 839 3300 assignaw)
857 3217 1059 3299 claudantur,
1081 3225 1116 3280 et
1128 3217 1237 3300 'usque

89 3304 121 3364 in
148 3321 266 3365 coenae
288 3303 403 3366 domini
429 3303 661 3366 solemnitatem
696 3303 875 3364 nullatenus
906 3311 1107 3385 reserentur,
1140 3304 1180 3365 ob
1203 3304 1238 3367 id

88 3386 247 3466 videlieet,
268 3398 305 3450 nt
326 3398 360 3450 et
378 3407 435 3470 per
454 3390 651 3471 signaculum
671 3387 861 3470 pontificum,
879 3395 1014 3468 excepto
1029 3387 1238 3471 gravissimae

89 3474 293 3536 necessitatis
310 3475 456 3554 obventu,
472 3475 503 3535 in
523 3474 575 3538 his
594 3474 706 3537 diebus
726 3481 913 3536 monstretur
932 3493 989 3554 per
1008 3481 1108 3536 totum
1129 3476 1237 3549 orbem

91 3575 152 3620 non
171 3558 266 3619 licere
285 3558 353 3621 fleri
372 3560 559 3640 baptismum
581 3567 615 3622 et
641 3557 941 3642 sanctificationem
970 3561 1082 3622 iterum
1108 3561 1239 3642 episeo-

91 3641 154 3723 pali
180 3641 289 3705 eadem
303 3643 338 3723 ⁸)
365 3646 585 3708 observatione
610 3653 749 3707 reserata
769 3646 912 3728 signetur
936 3643 1108 3708 dominicae
1127 3655 1238 3726 patere

88 3728 270 3808 mysterium
298 3731 549 3811 resurrectionis,
577 3731 608 3790 in
635 3749 697 3811 quo
727 3729 767 3791 ad
796 3731 893 3791 vitam
920 3730 1026 3792 faetus
1052 3737 1103 3791 est
1132 3731 1238 3795 aditus

90 3812 226 3893 bomini,
257 3823 294 3876 ut
323 3817 397 3897 quia
423 3833 480 3896 per
506 3816 693 3896 baptismum
721 3817 925 3894 consepultus
953 3822 1006 3876 est
1031 3819 1062 3876 in
1089 3823 1188 3878 morte
1202 3815 1238 3897 ⁰)

88 3897 218 3976 Christi,
239 3911 386 3983 resurget
405 3919 478 3964 cum
497 3919 536 3962 eo
558 3901 590 3961 in
610 3901 709 3982 gloria
730 3899 790 3961 dei.
825 3897 918 3976 Quod
940 3901 1013 3982 quia
1034 3901 1064 3961 in
1086 3901 1240 3984 aliquibus

10 4027 11 4062 ι
91 3983 235 4045 eeclesiis
253 3986 380 4048 minime
401 3987 483 4052 haee
502 3994 615 4051 sancta
636 3983 830 4047 consuetudo
850 3987 890 4048 ab
910 3987 1071 4068 episcopis
1096 3987 1240 4052 custodi*

91 4077 140 4130 tur
160 4077 256 4149 atque
277 4074 460 4155 peragitur,
493 4071 563 4135 ideo
583 4091 641 4152 per
660 4072 742 4133 hano
762 4079 900 4133 nostram
921 4074 1110 4139 sententiam
1130 4075 1240 4136 sanci·
1311 4117 1313 4128 ‚

11 4197 13 4234 z
90 4171 159 4216 mus
179 4162 275 4236 atque
297 4155 493 4220 decernimus
504 4201 515 4236 ,
542 4165 579 4219 ut
598 4158 643 4220 ita
663 4175 692 4219 a‘
704 4153 800 4220 totius
821 4158 993 4238 Hispaniae
1014 4166 1049 4221 et
1069 4155 1240 4223 Galliarum

126 4388 154 4456 ¹)
171 4390 240 4443 Vide
258 4391 342 4448 Cone.
361 4393 450 4448 Talei.
464 4393 530 4452 vul·
554 4390 597 4460 (lb
615 4389 694 4459 ²7ll·
728 4419 764 4433 “-
815 4395 845 4469 ²)
862 4401 993 4447 ‘'edm“
1010 4393 1049 4447 Μ·
1084 4421 1120 4436 ····

12 4517 14 4528 1
127 4459 157 4526 ι)
172 4463 271 4528 «Μαι,
287 4465 356 4516 ,om
370 4465 408 4518 Μ,
448 4489 486 4505 -
527 4462 558 4530 ⁴)
575 4467 604 4514 ιιι
621 4459 753 4532 deestap.
770 4459 808 4515 Μ.
848 4489 883 4503 ·-
929 4463 959 4533 ὅ)
976 4471 1001 4516 et
1016 4479 1116 4517 neceam
1132 4465 1170 4518 Μ.
1204 4493 1240 4506 -

13 4542 52 4600 1·
125 4529 409 4666 ξὲῖἑᾱεῶιιιρῇιΜι
449 4563 485 4578 -
540 4531 827 4600 l)sr'9rrolo'l'.l.².
869 4560 907 4573 -
958 4533 1168 4602 undamn.
1204 4561 1241 4578 ·-

216 4618 241 4654 m
284 4618 325 4656 era
374 4641 381 4657 .
416 4623 478 4648 -·
516 4635 518 4640 ·

132 4692 198 4744 niti.
214 4696 271 4746 secl.
285 4699 307 4744 1.
729 4731 735 4748 ι
957 4687 1002 4752 25
