2880 5050
236 267 240 278 ’
332 275 574 388 coNantJM
599 273 871 342 'commatrum
890 275 965 354 XV.
1161 272 1228 341 367-

68 449 233 531 pollicitus
252 447 363 518 contra
380 445 535 528 justitiam
556 456 694 528 gravet,
722 447 751 508 si
779 447 810 508 in
838 455 969 508 tantum·
981 445 1127 528 cognatis
1144 449 1232 526 'pm-r*

69 535 222 597 tectionis
249 533 435 596 adminicula
455 541 615 614 praestet,
643 531 789 614 quamdiu
815 532 945 614 negotia
964 549 1072 592 eorum
1090 549 1127 592 se
1147 549 1223 610 pro-

68 627 228 701 sequente
249 617 290 680 ad
310 617 461 681 effectum
480 617 646 680 videantur
666 617 844 698 pertingere
859 611 919 695 ¹)2
950 615 1007 678 Sic
1026 616 1118 695 enim,
1138 617 1223 678 sicut

64 701 136 784 jam
154 705 301 783 superius
321 703 457 783 dictum,
471 729 474 734 ·
484 700 610 784 jurasse
636 721 673 763 se
689 701 723 779 ²)
736 692 924 782 'praefatum
951 701 1120 780 prinoipem
1142 706 1222 763 c'on-

68 795 157 868 stat,
183 797 223 864 pt
248 789 378 870 negotia
407 807 515 850 eorum
541 805 579 850 se
605 786 787 849 intendente
815 795 849 848 et
876 792 1087 866 prosequente
1108 785 1149 848 ad
1170 785 1222 847 el·

67 875 188 936 fectum
209 874 402 954 perveniant.
444 873 602 955 llligatum
623 872 730 953 itaque
751 871 920 952 principem
942 869 1221 950 utriusquepartis

65 959 206 1020 vinculis
228 965 416 1020 contuentes
436 955 671 1038 perpendimus,
698 957 772 1037 quia
792 964 922 1036 utraque
942 955 1105 1036 promissio
1126 956 1220 1017 simul

67 1043 111 1105 ab
133 1042 247 1105 endem
271 1042 497 1123 inculpabiliter
517 1043 635 1123 impleri
655 1060 717 1102 non
738 1042 860 1122 possit,
881 1059 1067 1120 quamquam
1087 1039 1116 1100 si
1138 1041 1227 1118 bene*

67 1145 124 1191 res
150 1125 350 1190 considerata
378 1135 553 1208 tractetur,
585 1135 662 1188 tuno
696 1126 734 1187 ab
767 1126 828 1188 illis
855 1126 961 1205 primis
990 1124 1220 1190 conditionibus
1314 1200 1317 1212 1

68 1213 239 1275 absolutos
264 1219 412 1274 ostensus
440 1220 513 1293 est,
541 1211 667 1293 quando¹
692 1211 733 1273 ad
759 1211 917 1272 secundas
930 1211 1000 1272 *hus
1022 1209 1222 1274 conditiones

66 1299 252 1379 pepulomm
269 1295 373 1376 jurare
395 1305 528 1360 coactus
549 1307 610 1377 est,
627 1296 700 1378 quia
720 1315 782 1358 uno
803 1295 976 1378 eodemque
998 1295 1240 1377 compulsionis

66 1392 207 1447 auctore.
220 1389 384 1462 utrumque
404 1383 584 1444 confectum
598 1381 632 1460 ³)
654 1390 715 1444 est.

153 1466 351 1548 Quapropter
376 1468 543 1548 perpensis
567 1473 767 1548 utrorumque
788 1465 997 1528 conditionum
1018 1465 1220 1548 allegationi-

65 1554 130 1615 bus
159 1562 255 1634 atque
284 1554 438 1616 communi
466 1553 600 1614 omnium
631 1552 798 1615 collatione
825 1551 970 1614 tractatis
996 1551 1171 1613 invenimus
1180 1549 1218 1629 ⁴¹)

65 1639 101 1698 in
120 1639 182 1700 illis
202 1636 452 1720 conditionibus,
480 1637 522 1700 ad
543 1656 623 1720 quas
643 1637 773 1719 primum
794 1636 846 1698 hic
866 1636 1011 1716 princeps
1030 1642 1139 1697 noster
1159 1654 1220 1698 so*

68 1740 145 1785 cere
167 1720 294 1802 jurasse
320 1721 514 1806 dignoscitur
526 1767 536 1804 ,
565 1724 635 1784 sola
659 1723 722 1784 illic
738 1721 772 1799 ὅ)
804 1721 917 1800 proprii
944 1718 1023 1799 juris
1053 1719 1222 1782 commode

69 1809 233 1890 cogitata,
252 1809 284 1868 in
305 1808 355 1870 his
374 1817 478 1870 autem
500 1807 729 1871 conditionibus
748 1807 873 1868 honesti
888 1803 967 1885 juris
976 1803 1010 1882 θ)
1026 1813 1103 1866 vota
1116 1805 1218 1886 ·polli-.

65 1894 151 1955 cita:
178 1893 241 1954 illio
267 1901 342 1954 ante
368 1911 499 1978 regnum
524 1894 617 1955 nnius
643 1891 779 1954 tuendae
800 1891 912 1953 domus
931 1888 1011 1950 tides
1033 1899 1149 1952 exacta
1163 1888 1215 1970 ');

64 1979 120 2040 luo
148 1986 224 2058 post
250 1997 381 2060 regnum
405 1977 560 2040 inoffensa
578 1977 784 2060 regendamm
805 1976 941 2056 plebium
957 1981 1039 2036 uota
1058 1976 1216 2055 pollicita:

64 2063 129 2125 illio
149 2063 292 2144 privatus
312 2080 398 2125 amor
417 2064 457 2124 ob
479 2061 694 2125 defensionem
718 2061 849 2122 filiorum
875 2059 1069 2142 protenditur
1082 2060 1136 2140 8);
1162 2061 1220 2122 hic

66 2147 226 2230 generalis
246 2149 366 2228 patriae
387 2157 422 2210 et
442 2148 550 2232 gentis
576 2147 705 2210 affectio
733 2148 914 2228 pollicetur:
943 2144 1058 2226 juratio
1085 2145 1138 2208 illa
1164 2145 1215 2207 cl-

64 2231 167 2293 iensis
198 2232 303 2293 forsan
331 2233 469 2312 plurimis
505 2233 559 2294 uni
592 2241 715 2295 tantum
745 2231 850 2294 domui
879 2231 1015 2312 portabit
1045 2229 1221 2312 effectum,

65 2317 150 2379 lraeo
170 2334 247 2376 vero
269 2317 419 2396 generale
440 2318 611 2398 aequitatis
631 2327 763 2380 servans
789 2318 822 2378 in
847 2317 982 2398 singulis
1010 2316 1215 2396 compmmis-

65 2419 138 2464 sum
165 2400 240 2460 nulli
266 2401 347 2480 parti
379 2400 466 2463 dabit
491 2403 637 2464 veritatis
670 2402 836 2465 excidium.
889 2399 973 2477 Quid
986 2401 1021 2479 ⁹)
1049 2402 1214 2482 igiturex

67 2493 201 2566 utroque
218 2482 306 2564 justo
328 2484 549 2566 disputationis
568 2487 630 2547 line
650 2481 843 2550 conficitur?
870 2485 1018 2566 numquid
1044 2504 1213 2565 paucerum

67 2571 157 2633 salus
183 2563 418 2632 erit'extincu'o
446 2567 668 2651 plurimorum?
701 2581 756 2634 aut
783 2570 1077 2650 numquid'tantum
1104 2571 1213 2633 valere

66 2654 163 2718 debet
190 2655 332 2736 privatae
364 2657 409 2718 rei
436 2655 650 2737 commodum,
678 2675 771 2738 quam
788 2655 842 2733 Ν)
876 2657 1034 2736 generalis
1061 2655 1223 2718 relevatio.

66 2735 280 2823 populorum?
317 2737 418 2802 Absit.
462 2738 543 2818 Quia
568 2759 645 2824 ergo
671 2742 702 2802 in
728 2743 783 2803 illa
804 2739 959 2820 juratione
981 2741 1126 2821 acceptio
1146 2741 1213 2820 pri·

66 2826 372 2907 vatammcegitata
393 2834 445 2887 est
466 2845 683 2906 personarum,
704 2829 736 2888 in
757 2827 819 2888 hac
838 2833 943 2886 autem
959 2826 1116 2907 generalis
1137 2831 1219 2906 pio-·

66 2913 164 2973 tectio
186 2911 337 2990 plebium,
359 2927 440 2990 quae
461 2929 503 2971 ex
524 2912 575 2972 his
594 2911 717 2974 duabus
737 2913 781 2973 sit
800 2911 907 2992 potius
927 2910 1139 2990 observanda,
1161 2910 1221 2975 ‹li-2

66 2997 141 3056 vina
165 2994 257 3056 nobis
282 2993 401 3073 pandat
421 2998 587 3058 sententia.
629 2997 788 3077 Scriptum
808 3004 859 3058 est
881 2996 1013 3056 enimin
1034 2995 1212 3056 Proverbiis

64 3078 256 3142 Salomonis:
279 3077 473 3162 Gognmoera
487 3101 658 3164 peronem
678 3084 715 3143 io
727 3082 857 3161 judicio
872 3099 937 3142 reon
956 3079 1213 3160 eottmwn11);

65 3163 213 3226 Christus
240 3181 364 3244 queque
393 3166 425 3227 in
451 3167 636 3248 evangelio:
669 3165 780 3229 Nolite
799 3167 952 3247 judicare
972 3165 1141 3228 teutardum
1153 3167 1212 3244 sa-

65 3249 168 3324 oiem,
204 3247 263 3310 sed
286 3249 411 3330 jtoetwrr
433 3251 596 3331 judicium
619 3251 770 3330 judicate
787 3249 862 3331 12);
896 3251 994 3311 ΡιιιιΙο
1030 3251 1216 3330 praesertim

64 3333 206 3413 apostolo
234 3336 366 3412 probis
383 3335 437 3413 18)
463 3337 644 3414 specialiter
670 3343 906 3416 praestruente:
949 3334 992 3396 Ut
1022 3355 1086 3396 uon
1116 3353 1211 3416 qima
1238 3361 1240 3366 ¹
1267 3370 1275 3378 «

62 3419 169 3482 ramus
197 3419 281 3500 qaod
304 3419 395 3483 roobia
422 3419 504 3482 utile
532 3429 581 3482 est
606 3421 663 3482 sed
689 3421 772 3502 qaod
797 3421 923 3495 multis,
946 3427 983 3481 ut
1008 3419 1092 3480 sulor'
1108 3421 1209 3498 fiant.

64 3503 139 3564 dam
160 3519 237 3583 erge
256 3504 289 3563 in
316 3512 461 3583 promptu
490 3514 558 3586 ent,
587 3503 661 3586 quid
681 3525 724 3566 ex
744 3506 794 3566 his
815 3504 937 3566 duobus
957 3505 1072 3567 salubri
1091 3506 1211 3583 pietate

65 3586 293 3667 praeponderet
309 3586 384 3667 Ν);
414 3596 448 3648 et
467 3587 537 3650 ideo
558 3591 743 3652 intemerata
762 3589 833 3670 plus
855 3598 961 3672 erunt,
992 3607 1074 3670 quae
1091 3589 1212 3667 patriae

65 3678 140 3749 sunt
161 3670 277 3732 salubri
297 3671 521 3750 pollicitatione
536 3672 651 3755 jurata,
673 3694 766 3756 quam
786 3675 840 3740 illa
859 3675 942 3756 quite
964 3676 1003 3735 eb
1024 3675 1116 3734 unius
1137 3681 1220 3734 tan-.

65 3765 130 3818 tum
151 3755 263 3818 domun
283 3764 359 3817 sunt
378 3758 542 3820 utilitatem
563 3761 711 3839 pollicita
739 3761 812 3821 Nec
832 3761 894 3822 hoc
913 3759 1038 3840 quidem
1059 3757 1108 3819 sio
1130 3757 1211 3818 dini·

63 3860 151 3922 mus,
170 3849 219 3902 ut.
231 3841 299 3921 illa,
321 3859 403 3922 quae
423 3843 541 3922 pridem
555 3844 609 3923 ιὅ)
637 3863 693 3925 pro
717 3844 863 3926 cognatis
879 3843 986 3923 jurata
1004 3850 1095 3923 sunt,
1117 3843 1209 3922 peni·

63 3935 116 3988 tus
143 3925 361 4007 destruantur,
388 3927 447 3989 sed
473 3930 579 4009 potius
606 3938 641 3991 ot
661 3947 742 3990 unus
763 3928 1073 4008 idemque2affectus·
1086 3927 1211 4008 populis

64 4011 272 4096 cognatisque
299 4021 466 4096 servetur,
492 4033 588 4077 unum
617 4014 692 4098 quid
721 4033 764 4076 ex
785 4013 907 4078 duobus
926 4014 1058 4078 unitatis
1077 4014 1212 4097 gratiam

100 4207 131 4280 ¹)
148 4205 183 4263 ad
205 4209 320 4276 effecum
341 4215 485 4282 pertineant
505 4215 580 4283 (om.
600 4213 687 4268 verbis
705 4231 779 4284 seqq.
803 4215 841 4268 sic
864 4215 931 4281 euim
948 4205 982 4253 -’-
999 4188 1162 4283 perdentem)
1182 4215 1218 4268 in·

131 4299 167 4336 m.
189 4281 227 4333 Μ.
273 4310 308 4321 -
360 4283 390 4351 1)
412 4285 508 4338 dictam
525 4293 563 4337 est
574 4285 680 4354 jrrrusre
702 4286 740 4336 Μ.
785 4315 820 4324 -
873 4287 902 4350 ³)
925 4291 1080 4336 contestatus
1102 4287 1142 4337 M.
1176 4313 1212 4324 —-

99 4351 130 4422 ⁴)
145 4351 305 4422 pervenimus
320 4351 357 4405 M.
400 4384 435 4394 —
489 4354 518 4422 ⁵)
536 4355 583 4406 tllt
594 4356 631 4407 M.
675 4385 710 4394 —
765 4356 794 4422 ο)
811 4355 951 4407 bonestulis
965 4354 993 4406 in
1011 4361 1040 4418 t,
1058 4353 1168 4406 honestis
1183 4353 1211 4405 in

83 4449 89 4462 ι
131 4439 166 4474 m.
182 4421 220 4474 M.
255 4422 360 4491 -·“·”)
378 4422 452 4486 fidon
468 4433 587 4479 eandum
602 4425 631 4476 in
649 4441 682 4477 m.
701 4425 737 4477 Μ.
772 4454 808 4465 -
853 4423 883 4492 ⁸)
899 4425 1062 4491 portenditur
1077 4423 1140 4476 ibid.
1175 4449 1211 4468 -ι-

99 4490 129 4558 ⁸)
148 4491 220 4554 Quod
241 4492 279 4544 Μ.
325 4519 360 4533 -
411 4493 461 4560 1⁰)
479 4502 598 4561 quantum
623 4495 659 4547 Μ.
706 4521 740 4534 -·
790 4493 840 4562 ¹¹)
857 4495 981 4547 Proverb.
999 4493 1050 4557 24,
1068 4495 1111 4546 23.
1141 4523 1177 4534 -

79 4561 129 4700 π)
145 4557 408 4700 &maffia
407 4564 432 4628 1·,
445 4563 487 4615 17.
513 4563 749 4704 quqssqdproqqt
766 4564 839 4619 deest
853 4581 895 4634 ap.
908 4565 945 4618 Μ.
964 4589 998 4604 -
1017 4561 1104 4618 lGor.
1115 4563 1158 4630 10,
1170 4563 1213 4618 33.

409 4670 415 4686 ι
452 4659 484 4673 ·“
613 4649 629 4686 dd
657 4649 696 4687 em
742 4667 750 4687 r
786 4659 840 4674 ''¹''
