2880 5050
336 195 866 320 courtmrouronumnou
887 248 959 316 xv.
1159 244 1223 316 ooo

46 423 112 478 tra
141 412 232 480 sitos
256 433 335 478 suos
359 429 451 480 nemo
475 413 626 498 juvaret,
654 427 708 480 aut
735 419 838 482 nullus
864 433 959 498 super
980 435 1036 480 eos
1053 415 1087 494 ¹)
1107 418 1219 498 auaui-

48 501 146 565 tatis
168 499 323 580 judicium
350 511 504 581 premeret
516 547 526 583 ,
558 504 611 566 ubi
634 502 701 583 jam
728 503 833 568 dietus
857 503 1003 584 princeps
1029 519 1091 568 non
1116 503 1218 568 solum

49 585 208 668 singulis
219 586 254 665 ²)
282 589 412 668 negotia
443 605 503 652 sua
526 585 715 666 judicialiter
739 588 931 670 proponendi
958 587 1076 654 aditum
1102 588 1216 668 tribuit,
1260 655 1264 663 ,

51 671 125 735 se'd
150 680 187 734 et
207 673 331 736 scelera
344 672 477 736 'filiorum
497 691 640 755 saonen,
663 675 693 740 si
712 693 774 756 qus
793 673 1000 752 aeeidissent,
1021 673 1146 755 legibus
1166 673 1217 736 ul-

53 757 225 822 ciscenda
238 758 386 837 permisit.
414 756 507 835 Quod
527 779 603 842 ergo
624 761 686 822 illio
706 779 769 822 non
790 768 843 830 est
857 757 1040 839 juratum)
1056 765 1091 822 et
1110 765 1217 824 tamen

47 839 208 920 juratum
221 841 255 920 Β)
282 842 383 909 misse
402 844 599 924 impudenter
619 845 786 925 asseritur,
814 863 877 908 nou
898 843 1065 908 devocabit
1085 843 1217 926 populos

52 927 94 990 in
117 927 250 1008 perjurii
269 929 386 994 orbaen
396 973 407 1009 ,
436 930 509 1010 quia
534 949 595 994 nee
621 931 782 1012 alligatum
803 931 937 994 cernitur
957 928 1166 994 conditionum
1182 928 1215 993 iu

55 1011 174 1074 serie:
195 1015 403 1094 nequeenim
423 1014 514 1078 uobis
527 1013 561 1093 4)
583 1024 634 1078 est
655 1014 877 1097 cohibendum,
900 1013 983 1096 quod
1004 1015 1035 1076 iu
1055 1013 1116 1076 illis
1135 1031 1216 1080 con·

56 1096 242 1162 ditionibus
266 1117 329 1163 aon
354 1101 530 1164 invenimus
555 1119 631 1162 esse
657 1102 845 1182 cohibitum,
872 1098 1082 1164 recedendum
1109 1107 1216 1165 tameo

58 1189 120 1246 est
150 1202 175 1248 a
201 1185 318 1248 malitia
345 1193 380 1248 et
410 1185 597 1266 exequendo
615 1184 649 1262 ὅ)
678 1195 752 1248 suut
788 1187 919 1269 negotia
952 1193 1126 1265 opportuna
1152 1202 1216 1248 nee

58 1268 153 1332 enim
175 1267 376 1348 quonrmdam
394 1271 524 1336 broauta
543 1271 595 1336 illa
614 1270 767 1338 monebas
788 1269 1025 1357 attendeturfll,
1051 1289 1137 1352 quae·
1154 1270 1216 1336 im-

57 1353 225 1433 pudenter
252 1355 413 1418 adstruere
439 1357 546 1420 nititur
574 1356 644 1420 illos
673 1365 794 1420 tantum
821 1357 964 1420 innoxios
990 1371 1065 1418 esse
1094 1375 1114 1420 a
1140 1374 1215 1436 per-

53 1437 136 1518 jurii
161 1441 317 1520 crimine,
351 1443 406 1522 qni
431 1441 561 1524 negotia
588 1459 647 1504 sua
673 1451 796 1504 tantum
820 1443 883 1504 visi
907 1441 1021 1506 fuerint
1047 1439 1215 1520 objecisse,

59 1525 137 1586 illos
168 1533 276 1588 autem
302 1527 354 1606 qui
380 1527 434 1591 vel
460 1527 539 1590 talia
561 1528 693 1609 negotia
716 1526 887 1608 judicanda
913 1526 1133 1606 susceperint,
1161 1525 1215 1587 vel

58 1607 248 1688 hujusmodi
282 1627 338 1691 pro
375 1613 534 1692 aequitate
573 1612 748 1692 adjuverint
781 1613 959 1694 inexpiabili
992 1609 1217 1692 profanationis

64 1695 200 1758 erimine
218 1696 338 1758 irretiri.
365 1697 456 1778 Haeo
476 1699 592 1778 quippe
614 1699 723 1781 dieunt
742 1700 940 1762 contentioso
950 1697 984 1776 ⁷)
997 1698 1099 1780 magis
1120 1713 1214 1776 quam

63 1779 245 1842 rationabili
265 1782 397 1860 strepitu
418 1783 656 1864 obstrepentes,
684 1786 865 1848 nescientes
890 1783 1057 1862 videlicet,
1086 1781 1160 1862 quia
1185 1781 1215 1846 si

64 1861 210 1948 negatus
238 1866 353 1928 fuisset
379 1868 443 1930 illio
468 1867 574 1932 aditus
596 1869 757 1950 judicandi
770 1868 822 1950 ⁸),
849 1877 1014 1948 negaretur
1037 1875 1071 1930 et
1097 1884 1215 1946 propo·

66 1951 183 2033 uendi3
211 1951 271 2013 sed
292 1953 345 2032 qui
365 1951 491 2016 admisit
505 1953 613 2034 justae
634 1955 853 2036 propositionis
872 1953 1049 2036 negotium,
1069 1967 1215 2016 nonve-

54 2037 126 2098 -lnit
146 2037 289 2118 prolatae
310 2039 478 2119 aequitatis
498 2049 659 2120 amputare
675 2039 844 2120 judicium,
871 2057 932 2102 nec
958 2039 1011 2118 qui
1036 2055 1215 2118 proponen-

67 2130 136 2183 tem
174 2122 301 2186 admisit
337 2132 529 2204 potestatem
563 2125 652 2206 juste
689 2123 848 2204 judicandi
882 2122 1041 2204 judicibus
1079 2121 1216 2186 abstidit.
1262 2171 1273 2196 κ

66 2208 191 2289 Magna
212 2227 289 2290 ergo
307 2209 461 2272 stultitiae
480 2230 546 2272 vox
567 2220 618 2274 est
639 2211 720 2272 haee
740 2211 857 2272 sentire
882 2209 935 2270 vel
964 2208 1049 2289 loqui
1062 2205 1114 2288 ⁰),
1143 2225 1216 2270 nam

71 2313 91 2354 e
114 2300 224 2354 contra
252 2311 331 2356 ecee
356 2314 458 2374 paene
478 2315 535 2374 per
556 2305 655 2359 totam
675 2296 798 2358 divinae
820 2295 933 2358 seriem
951 2296 1123 2372 scripturae
1143 2293 1216 2372 plus
1246 2341 1256 2356 2

66 2376 227 2457 judicibus
252 2379 440 2460 praecipitur
462 2378 601 2458 judicare
623 2380 792 2462 justitiam,
819 2397 913 2460 quem
934 2379 1056 2459 populis
1076 2395 1135 2440 suo
1156 2378 1216 2438 sb-

67 2463 191 2544 jectare
212 2465 351 2547 negotia.
391 2465 475 2526 Dicit
496 2468 578 2528 enim
596 2467 769 2547 scriptura:
800 2464 891 2528 Joere
903 2465 1055 2545 judicate
1066 2461 1138 2542 fita·
1159 2463 1215 2524 bo·

74 2551 194 2610 minum
210 2550 289 2629 ¹⁰);
319 2568 380 2611 nee
410 2549 546 2614 addidit:
575 2553 671 2614 Juste
691 2553 854 2632 proponite
881 2568 996 2612 causas
1015 2557 1142 2613 vestras
1162 2547 1217 2612 filii

73 2636 239 2697 hominum.
279 2634 438 2714 Numquid
459 2637 531 2716 quia
547 2634 672 2716 judices
694 2637 783 2717 juste
806 2635 948 2714 judicare
975 2633 1134 2696 admonuit
1151 2631 1216 2714 ¹¹),

75 2719 146 2782 ideo
171 2720 294 2800 populis
320 2721 510 2800 proponendi
536 2740 596 2784 sua
621 2724 751 2804 negotia
769 2721 942 2801 interdixit,
969 2720 1044 2784 ideo
1058 2717 1216 2800 l²)'quod

77 2806 117 2868 de
144 2805 281 2888 negotiis
307 2807 515 2884 proponendis
534 2807 609 2869 uilril
628 2803 782 2887 protulit?
812 2805 972 2888 Numquid
990 2825 1085 2885 super
1105 2816 1147 2866 eo¹
1161 2803 1218 2883 ju-

77 2891 148 2954 dicii
167 2891 297 2952 formula
314 2891 441 2972 texitur,
456 2893 508 2972 qui
528 2903 633 2954 mutus
653 2902 686 2956 et
700 2893 754 2974 13)
770 2893 889 2974 absque
909 2892 1119 2971 propositione
1139 2907 1218 2951 sen-

78 2967 176 3052 titur?
218 2976 293 3036 Nou
326 2993 403 3058 ergo
432 2985 487 3038 aut
513 2975 727 3056 judiciariae
754 2977 888 3058 objectis
916 2983 971 3038 aut
996 2975 1121 3055 objecta
1148 2975 1217 3036 sine

74 3059 230 3141 judicibus
250 3077 325 3120 esse
341 3069 495 3140 possunt,
521 3082 581 3144 quo
603 3073 658 3128 aut
674 3063 775 3144 judex
796 3063 879 3126 desit
899 3063 1043 3126 causanti
1063 3069 1117 3124 aut
1138 3079 1218 3122 cau-

12 3215 13 3224 ,
79 3163 159 3222 sans
172 3143 255 3208 desit
273 3143 335 3205 ullo
351 3145 406 3225 14)
426 3145 517 3208 modo
540 3147 648 3230 judici.
689 3147 884 3230 Quapropter
904 3146 1097 3210 conditiones
1118 3147 1218 3228 ipsae,

78 3231 239 3310 inquibus
259 3249 321 3294 nee
339 3233 458 3295 veritas
478 3240 528 3294 est
550 3235 709 3315 praecisa,
736 3253 796 3296 nec
815 3235 945 3314 pietatis
966 3240 1125 3312 amputata
1145 3238 1218 3296 sunt

80 3317 216 3396 viscera,
241 3335 305 3378 non
326 3319 477 3380 tenebunt
498 3327 553 3380 aut
574 3318 662 3403 juste
682 3327 893 3400 proponentes
914 3315 954 3378 ad
975 3315 1098 3398 perjurii
1117 3317 1219 3378 saeri-

79 3401 190 3483 legium
208 3409 266 3464 aut
281 3401 369 3484 juste
386 3401 566 3486 judicantes
586 3403 866 3490 adprofanationis
887 3409 1015 3480 reatum.

161 3503 230 3567 Hac
250 3505 346 3586 igitur
365 3505 486 3568 reddita
504 3509 624 3570 ratione
651 3507 832 3588 coniicitur,
862 3515 897 3568 ut
924 3504 964 3566 ad
993 3502 1220 3585 praedictarum

84 3585 191 3648 seriem
210 3589 420 3652 conditionum
439 3593 541 3654 nullus
561 3601 706 3654 teneatur
728 3594 899 3672 obnoxius,
929 3589 1071 3671 quisquis
1096 3589 1221 3668 repulsa

85 3673 264 3753 malitia1⁵J
293 3683 401 3737 contra
424 3675 489 3755 jam
515 3678 591 3739 dicti
614 3678 762 3758 principis
783 3677 910 3758 'partem
937 3674 1142 3760 autqnegotia
1161 3673 1221 3733 sibi

85 3756 182 3819 debita
206 3753 364 3838 judicibus
388 3759 557 3840 judicanda
582 3763 752 3844 objecerit,
782 3771 838 3824 aut
864 3763 917 3842 qni
941 3761 1049 3821 talium
1075 3756 1224 3818 mandata

86 3841 269 3926 susceperit,
296 3853 360 3906 aut
389 3847 483 3908 testis
510 3845 610 3928 judex
626 3848 704 3927 1⁸),
730 3849 783 3926 qui
810 3846 987 3908 advocatus
1012 3843 1223 3906 testimonium

86 3927 208 4009 dixerit,
235 3937 291 3992 eut
314 3929 442 4012 judiees
462 3931 524 4013 ipsi
544 3935 596 4016 qui
616 3931 793 4018 hujusmodi
815 3932 902 4014 juste
924 3931 1054 4014 negotia
1074 3929 1224 3994 termina-

88 4088 273 4104 Μ

121 4183 148 4317 o
163 4183 408 4307 eararr·
426 4215 461 4225 -
527 4255 756 4321 ι
852 4186 1225 4320 ι
1285 4207 1292 4216 ·

123 4323 149 4388 ⁶)
164 4268 270 4374 {attendit
288 4321 473 4392 (attentant)
490 4324 527 4376 M.
553 4353 588 4362 --
624 4325 652 4391 7)
670 4326 872 4378 contorrtiosoM.
896 4352 931 4362 -
945 4334 952 4350 ‘
967 4323 996 4390 8)
1014 4324 1117 4388 iurandi
1133 4325 1171 4376 M.
1189 4355 1224 4364 —

123 4394 135 4432 ⁹
164 4392 277 4460 proloqui
294 4396 333 4448 Μ.
374 4426 410 4436 -
461 4393 510 4457 ¹⁰)
527 4394 605 4446 Deut.
624 4397 655 4458 l,
674 4395 715 4448 lo.
756 4418 791 4434 -a
841 4391 891 4459 11)
911 4392 1027 4444 admonet
1043 4394 1080 4445 Μ.
1114 4422 1149 4432 -

105 4465 135 4503 1²
165 4461 189 4512 io
206 4476 236 4512 eo
252 4463 291 4514 M.
326 4491 361 4504 —-
394 4464 444 4530 ¹³)
460 4463 577 4529 rejicitur
593 4465 654 4531 quio
670 4472 765 4516 motum
781 4464 851 4516 etin
867 4468 896 4526 b,
914 4464 1013 4514 territae
1029 4464 1072 4529 qai
1088 4471 1170 4516 mittas
1188 4475 1225 4518 cst

12 4537 13 4542 ’
152 4527 227 4584 inm.
245 4531 283 4584 Μ.
318 4562 353 4573 -
380 4535 435 4598 14)
453 4533 522 4583 orello
540 4533 577 4584 M.
611 4565 647 4572 -
678 4534 726 4600 ι6)
744 4549 798 4599 rep.
816 4551 833 4583 a
850 4533 952 4584 cratitio
965 4533 1013 4594 M,
1030 4538 1057 4583 et
1074 4534 1225 4588 Harduinus

152 4599 214 4667 bano
231 4618 323 4657 vocem
342 4621 358 4654 o
375 4603 524 4656 redundare
544 4603 656 4669 conjicit.
692 4634 726 4643 -—
768 4603 816 4670 ¹⁶)
834 4604 912 4655 bulon
930 4598 970 4668 (l)
990 4601 1020 4654 C.
1039 4601 1113 4672 Hisp.
1149 4634 1183 4644 -
