2880 5050
237 261 302 332 ast
503 255 743 332 concrum
762 221 1032 328 ronn'rnrvorr
1052 258 1125 325 xv.

239 435 388 521 quidquid
418 429 534 500 vestra·
562 438 654 502 tuerit
688 437 846 501 sententia
875 427 1002 497 cautam
1030 431 1153 498 nonnisi
1181 447 1225 494 eo
1261 426 1408 496 dimna·

240 522 366 587 credam
392 542 547 586 exorsum.
610 525 684 586 Non
716 539 793 606 ergo
826 521 954 603 pudebit
980 537 1032 598 me
1058 519 1119 581 illic
1146 518 1262 580 cordis
1294 517 1400 596 mei1]

239 608 379 692 paudere
400 603 524 690 sinum,
554 627 595 670 ex
617 627 679 690 quo
699 609 830 671 ubertim
851 613 977 670 manant
996 605 1086 668 rivuli
1107 605 1305 666 sanitatum.
1350 605 1401 665 At·

240 695 359 758 tendite
377 692 442 774 jam
459 693 597 775 jamque,
617 693 700 756 unde
722 711 775 756 cor
797 693 975 756 serenitatis
995 698 1121 753 nostrae
1142 697 1343 772 exaestuet,
1360 691 1400 750 vel

240 781 353 862 quibus
374 799 416 841 ex
437 781 544 842 causis
564 779 678 840 moesti
698 779 835 860 pectoris
855 785 1041 860 angustetur
1062 776 1175 838 dolore.
1217 775 1314 838 Illud
1336 775 1399 836 mibi

240 867 337 947 primo
366 867 397 927 in
426 866 497 927 loco
525 864 689 926 dicendum
717 864 872 944 occurrit,
903 861 986 944 quod
1013 861 1077 924 divi
1102 862 1202 942 patris
1232 861 1350 923 nostri
1374 869 1398 922 et

241 950 345 1014 soceri
371 952 479 1032 regale
506 949 675 1011 sortientes
701 948 862 1030 fastigium
884 949 1008 1031 gemino
1029 965 1081 1007 me
1101 947 1206 1008 sentio
1224 945 1396 1026 juramenti

242 1045 310 1100 rete
337 1037 542 1116 implicitum,
570 1034 615 1095 ita
641 1042 677 1094 ut
703 1034 850 1095 sinuum
879 1052 920 1095 ex
947 1033 997 1094 his
1023 1031 1250 1094 observantiae
1276 1032 1396 1094 cautela

148 1181 151 1198 ,
243 1139 446 1200 conservem,
476 1139 517 1181 ex
547 1119 606 1180 alio
627 1117 825 1180 nihilominus
845 1118 877 1179 in
897 1116 1021 1198 perjurii
1040 1117 1157 1179 crimen
1175 1117 1300 1180 videar
1322 1118 1413 1179 reci-1

242 1208 339 1270 disse.
372 1207 450 1286 Egit
471 1205 552 1267 enim
573 1204 655 1266 idern
677 1201 770 1265 divus
790 1201 926 1302 socer²p
947 1211 1054 1264 noster
1074 1202 1227 1286 Ervigius
1247 1204 1394 1284 princeps

242 1293 323 1352 inter
349 1299 477 1372 cetera,
504 1291 615 1370 quibus
640 1307 691 1352 me
711 1290 837 1350 incauto
859 1295 892 1349 et
911 1285 1082 1350 rnevitabili
1102 1287 1325 1350 conditionum
1344 1305 1393 1349 sa·

243 1384 403 1440 cramento
417 1375 451 1455 ³)
480 1375 663 1456 adstrinxit,
685 1388 756 1436 curn
778 1373 881 1436 adhuc
900 1374 974 1434 mihi
995 1373 1161 1455 gloriosam
1183 1373 1288 1434 liliam
1307 1391 1390 1434 snam

243 1460 492 1544 conjungendam
519 1462 670 1544 eligeret,
698 1469 733 1521 nt
755 1459 929 1522 omnimoda
948 1459 1136 1522 sacramenti
1154 1477 1207 1520 me
1231 1458 1384 1520 taxatione

244 1549 496 1630 constringeret,
525 1561 587 1627 qno
616 1564 671 1626 pro
701 1545 783 1608 omni
808 1543 937 1627 negotio
963 1541 1093 1606 filiorum
1119 1559 1253 1606 suomm
1276 1543 1318 1604 ita
1334 1559 1386 1602 me

244 1635 346 1714 ipsum
374 1631 558 1714 opponendo
585 1629 737 1694 sollicitus
759 1647 879 1712 essem,
908 1629 1040 1710 qualiter
1068 1647 1173 1690 eorum
1197 1647 1326 1692 causae
1354 1625 1390 1688 ad

244 1718 405 1780 victoriam
433 1716 652 1798 pervenirent,
680 1721 714 1777 et
744 1714 892 1798 quidquid
917 1733 969 1776 me
994 1731 1051 1795 pro
1073 1713 1270 1794 quibuslibet
1290 1713 1391 1776 causis

243 1805 441 1884 imperasset,
461 1803 492 1862 in
513 1801 654 1862 omnibus
670 1799 762 1881 jussa
782 1799 852 1880 ejus
873 1799 1040 1880 implerem.
1070 1801 1161 1862 Haec
1180 1801 1316 1880 inquam
1334 1797 1392 1878 jan

245 1887 329 1950 dicto
351 1887 479 1972 principi
496 1888 554 1950 sub
572 1885 738 1967 juramenti
766 1887 911 1948 cautione
937 1885 1136 1967 promittens,
1165 1883 1253 1948 aliud
1275 1905 1297 1946 e
1321 1903 1391 1947 con-

244 1982 293 2035 tra
313 1991 364 2034 me
394 1981 534 2051 tempore
561 1971 669 2032 mortis
695 1987 773 2032 suae
801 1970 946 2052 impegit,
974 1970 1118 2051 aliudque
1133 1968 1168 2049 ⁴)
1203 1988 1309 2052 agere
1339 1971 1393 2030 iru-

243 2059 343 2140 pulit:
384 2053 507 2118 scilicet
538 2063 575 2116 ut
608 2073 670 2116 non
707 2063 781 2116 ante
815 2071 946 2138 regnum
982 2054 1121 2137 adirem,
1154 2055 1214 2117 nisi
1262 2057 1392 2136 primum

224 2142 363 2206 -striotls
384 2159 435 2202 me
451 2138 693 2219 juramentorum
712 2140 847 2202 vinculis
869 2141 1043 2223 alligarem,
1071 2148 1108 2202 ut
1125 2137 1284 2222 justitiam
1309 2157 1394 2202 com-

244 2225 351 2290 missis
378 2225 502 2306 populis
527 2243 589 2286 non
617 2241 776 2306 negarem.
838 2227 924 2287 Acta
950 2234 1025 2288 sunt
1051 2225 1115 2287 ista
1140 2233 1174 2287 et
1201 2227 1394 2306 specialibus

244 2311 455 2376 conditionum
475 2311 643 2390 probantur
661 2309 795 2373 nexibus
812 2309 943 2393 illigata.
988 2310 1124 2388 Quarum
1146 2312 1241 2374 etiam
1265 2311 1394 2374 duarum

244 2397 456 2462 conditionum
479 2396 689 2458 inevitabilem
711 2405 745 2458 et
765 2397 825 2460 sibi
847 2398 1030 2459 contrariam
1051 2396 1180 2478 seriem,
1210 2404 1246 2458 et
1274 2397 1394 2458 illarum

245 2503 326 2567 quas
348 2484 387 2546 ob
406 2483 634 2564 protectionem
657 2481 787 2544 illiorum
807 2500 932 2544 suorum
953 2478 1027 2544 mihi
1048 2483 1171 2564 exegit,
1197 2489 1232 2543 et
1262 2483 1394 2544 istarmr

244 2587 325 2652 quas
353 2569 392 2631 ob
410 2569 678 2648 praeelectionem
704 2569 794 2650 regni
816 2565 890 2628 milri
903 2566 937 2646 ⁵)
962 2567 1137 2650 exigendas
1155 2568 1308 2647 instituit,
1340 2587 1397 2648 pa-

244 2655 402 2718 ternitatis
417 2662 544 2714 vestrae
564 2651 859 2736 pertractandam⁶J
875 2653 1068 2716 consultibus
1088 2653 1255 2734 destinavi,
1277 2662 1396 2733 petent

244 2748 282 2802 ut
310 2747 344 2800 et
368 2738 638 2800 benedictionibus
656 2739 774 2800 vestris
801 2755 900 2820 regno
927 2737 1127 2800 confirmatus
1151 2737 1339 2800 inhaeream
1369 2745 1397 2800 et

245 2823 418 2888 sanctionis
450 2833 580 2884 vestrae
612 2824 730 2906 regulis
761 2824 865 2904 viam,
900 2841 962 2906 qua
994 2821 1130 2887 discreto
1161 2824 1241 2886 calle
1268 2823 1397 2906 perjurii

246 2907 370 2993 gradim
390 2909 586 2989 informatus,
614 2927 796 2990 agnoscam.
837 2910 910 2972 Non
932 2909 1014 2970 enim
1031 2917 1140 2990 potero
1161 2907 1289 2991 perjurii
1310 2910 1397 2972 effu-

246 3013 324 3076 gere
349 3003 475 3075 notam,
503 2994 531 3055 si
552 3001 606 3055 aut
629 2993 695 3072 jam
716 2994 791 3056 dicti
808 2994 957 3075 principis
977 3003 1086 3058 contre
1103 2993 1254 3075 justitiam
1278 2994 1397 3057 defen-

246 3079 348 3142 dendo
364 3080 482 3159 prolem
502 3098 564 3140 non
584 3077 745 3140 reddidero
766 3081 889 3159 populis
905 3081 1085 3161 veritatem,
1107 3089 1163 3142 aut
1181 3085 1312 3162 propter
1334 3099 1396 3143 ve-

243 3165 385 3245 ritatem,
412 3165 594 3244 populorum
613 3164 722 3224 zelans
742 3165 890 3248 negotia,
917 3183 995 3248 erga
1013 3165 1096 3228 lilios
1113 3165 1188 3246 ejus
1205 3166 1397 3246 promissio-

245 3252 295 3314 nis
321 3269 413 3312 meae
438 3269 501 3312 nou
527 3249 695 3330 implevero
720 3257 806 3312 vota.
847 3249 981 3312 Additur
1006 3269 1102 3332 super
1126 3253 1204 3332 hoo,
1230 3257 1267 3312 ut
1296 3251 1397 3314 ferror

244 3354 458 3418 pressurarum
487 3333 556 3416 ejus
583 3337 615 3396 in
641 3335 807 3422 plerosque
834 3337 1007 3418 acerbitas,
1023 3344 1113 3419 'quos
1138 3337 1276 3398 indebite
1297 3337 1397 3399 rebus

246 3421 417 3482 ethonore
438 3420 583 3501 privavit,
603 3437 682 3501 quos
704 3419 749 3480 de
765 3420 858 3482 nobili
878 3429 964 3483 statu
985 3421 1018 3483 in
1037 3422 1223 3484 servitutem
1245 3419 1291 3484 sui
1308 3418 1397 3500 juris

245 3506 414 3586 implicuit,
435 3523 515 3586 quos
536 3505 698 3566 tormentis
717 3507 859 3588 subegit,
882 3523 961 3586 quos
983 3508 1078 3568 etiam
1098 3507 1248 3570 violentis
1263 3503 1397 3588 judiciis

244 3591 381 3670 pressit,
406 3609 461 3669 pro
482 3590 593 3670 quibus
614 3590 755 3651 omnibns
775 3591 857 3653 haec
877 3591 980 3654 adhuc
999 3592 1127 3674 insuper
1144 3599 1211 3654 vo‘x
1229 3592 1263 3654 in
1283 3594 1395 3673 queri-

224 3676 379 3738 -moniam
406 3673 511 3754 venit,
539 3674 623 3755 quod
651 3691 774 3736 omnem
800 3677 947 3756 populum
974 3677 1064 3759 regni
1090 3679 1141 3739 sui
1166 3679 1206 3740 ob
1226 3679 1393 3740 tuitionem

243 3760 375 3824 liliorum
408 3767 534 3822 suorum
564 3758 668 3840 jurare
701 3763 883 3840 compulerit
913 3770 948 3824 et
978 3781 1020 3824 ex
1050 3761 1111 3824 hoc
1143 3763 1267 3826 cunctis
1303 3763 1393 3845 quasi

244 3845 363 3909 aditum
392 3843 580 3908 reclamandi
606 3846 803 3908 obstruxerit.
850 3847 911 3908 llis
931 3848 1073 3910 omnibus
1093 3862 1310 3928 pressurarum
1333 3867 1393 3912 vo-

244 3931 335 3993 cibus
356 3931 461 3992 tabido
483 3931 651 3992 anxietatis
672 3933 805 4012 strepitu
826 3941 1015 4014 occupatus,
1035 3934 1166 4014 cupiens
1186 3933 1393 4013 periclitatio·

244 4015 294 4078 nis
319 4012 413 4094 hujus
443 4015 599 4095 elaqueari
625 4015 779 4096 periculo,
807 4015 922 4080 fiducia
949 4018 1018 4098 illa,
1045 4035 1111 4098 qua
1131 4019 1228 4080 'vobis
1250 4019 1393 4081 vicinum

244 4109 321 4164 osse
351 4099 443 4161 deum
475 4119 538 4160 non
569 4099 715 4182 ambigo,
747 4097 864 4164 vestris
885 4103 973 4187 ,haec
1002 4103 1166 4186 tractanda
1179 4102 1212 4182 ’ᾖ
1242 4107 1395 4168 sensibus

227 4183 424 4266 ‚uestrisque
445 4183 572 4264 judiciis
596 4183 766 4248 dirimenda
792 4190 963 4252 committo.
1004 4190 1088 4251 Nam
1109 4199 1144 4252 et
1161 4191 1290 4252 ceteras
1312 4209 1394 4254 can-

227 4284 349 4335 ¹aarum
368 4287 468 4334 voces
494 4269 691 4354 reliquasque
714 4269 904 4355 jurgantium
930 4274 1091 4356 altiores,¹
1120 4279 1335 4359 quae‘vest'm
1354 4293 1394 4340 se

240 4415 441 4435 m

279 4473 308 4541 ¹)
326 4472 470 4528 meideest
485 4487 527 4540 ap.
544 4472 581 4526 M.
628 4503 663 4513 -
714 4473 909 4542 et'prnecersn
925 4475 983 4526 ΕΒ.
1001 4474 1070 4527 ΕΛ.
1089 4453 1394 4542 Τ.“1.2.,”πιιεάποε-

309 4557 354 4594 ror
370 4543 408 4596 Μ.
442 4571 478 4584 -
517 4543 546 4609 ⁸)
569 4543 746 4596 cordlboatrrn
762 4545 991 4597 mommtomin
1010 4561 1044 4595 m.
1062 4545 1101 4596 tl.
1134 4573 1171 4584 -
1216 4543 1339 4615 *dotted
1356 4549 1393 4601 M.

276 4609 305 4677 ιἰ)
323 4615 372 4663 moi
388 4613 425 4663 Μ.
459 4629 494 4651 ·-
536 4611 565 4678 ⁶)
582 4614 776 4678 pertractandos
794 4615 829 4666 Μ.
864 4643 898 4654 -
935 4614 963 4678 ⁷)
979 4616 1161 4678 pertractando
1176 4614 1214 4665 tl.
1249 4639 1285 4656 -·
