2912 5060
195 226 261 298 att
466 221 708 296 oouonron
729 159 1001 288 mundanus
1022 219 1077 286 rv.

200 399 354 466 dominnm
377 405 516 464 nostrum
543 393 754 469 sisenandum
780 412 889 478 regern
918 389 1135 456 custodientes
1163 407 1203 453 ao
1228 386 1375 452 sincera

201 489 244 550 illi
267 485 433 549 devotione
454 483 641 548 famulantes
660 501 723 546 non
744 483 845 544 solum
861 479 986 542 divinae
1007 477 1135 558 pietatis
1156 477 1372 538 clementiam

202 576 237 640 iu
253 573 344 634 nobis
363 565 587 652 prouocemus,
608 567 667 632 sed
687 568 781 630 etiam
803 567 937 652 gratiam
958 563 1089 626 antefati
1109 561 1258 644 principis
1279 580 1372 642 per-

201 659 307 740 cipere
326 672 497 718 mereamur
510 653 556 734 ¹).
1251 660 1254 666 ·

284 775 333 836 'l'e
354 771 525 856 qnoque²)
556 777 754 853 praesentem
785 785 894 851 regem
920 765 1103 851 futurosque
1130 773 1270 829 aetatum
1285 746 1368 829 ¹se-

201 862 361 944 quentium
381 859 537 941 principes
556 857 747 938 humilitate,
778 873 841 935 qua
869 853 1037 935 debemus,
1068 853 1289 934 deposcimus,
1326 859 1367 913 ut
1436 895 1437 934 ,

200 945 353 1010 moderati
381 953 414 1026 et
445 945 539 1006 mites
570 960 648 1025 erga
676 939 838 1021 subjectos
867 939 1043 1001 existentes
1072 957 1143 1002 cum
1168 937 1293 1019 justitia
1328 944 1364 998 et
1436 947 1437 994 ὲ

200 1033 320 1114 pietate
344 1029 478 1112 populos
498 1046 519 1090 a
539 1026 599 1091 deo
620 1027 712 1089 vohis
732 1023 869 1088 creditos
889 1025 1026 1106 regatis,
1055 1024 1229 1104 bonamque
1249 1021 1362 1084 vicis·
1436 1015 1437 1084 l

201 1117 387 1198 altudinem,
416 1114 548 1196 quivos
570 1112 747 1192 constituit,
768 1109 907 1194 largitori
928 1109 1055 1172 Christo
1077 1109 1297 1191 respondeatis
1311 1107 1361 1186 ³),
1436 1117 1437 1176 t

201 1210 373 1285 regnantes
398 1198 473 1278 ini)
495 1198 668 1260 humilitate
689 1195 811 1274 cordis,
842 1213 913 1256 cum
943 1195 1047 1256 studio
1078 1193 1361 1274 bonaeaotionis,
1436 1179 1437 1254 l

98 1295 99 1306 ¹
116 1324 119 1335 =
202 1305 263 1351 nec
273 1285 306 1365 ⁵)
321 1287 484 1367 quisquam
497 1292 637 1346 vestrum
652 1283 740 1345 solus
755 1283 786 1344 in
802 1281 910 1343 causis
925 1281 1061 1360 capitum
1079 1289 1133 1342 aut
1154 1299 1254 1343 rerum
1276 1298 1361 1340 sen-

203 1373 333 1434 tentiam
362 1367 504 1449 lereti),
532 1369 591 1430 sed
620 1387 778 1430 consensu
803 1365 927 1446 publico
956 1384 1027 1428 oum
1047 1367 1218 1431 rectoribus
1240 1383 1282 1427 ex
1298 1361 1361 1442 ju-

153 1485 156 1494 ·
201 1457 284 1520 dicio
310 1456 480 1520 manifesto
506 1452 749 1536 delinquentium
782 1451 875 1531 culpa
903 1458 1070 1533 patescat,
1106 1459 1235 1514 servata
1260 1449 1359 1511 vobis

204 1543 236 1606 in
258 1541 389 1604 offensis
408 1539 656 1622 mansuetudine,
676 1547 712 1600 ut
732 1557 794 1602 non
812 1538 984 1604 severitate
1004 1538 1107 1619 magis
1127 1537 1159 1600 in
1179 1537 1239 1599 illis
1261 1553 1359 1616 quam

202 1627 397 1710 indulgentia
424 1625 588 1707 polleatis3
614 1632 649 1686 ut
678 1623 755 1686 dum'
778 1622 880 1685 omnia
905 1622 986 1684 haec
1015 1631 1142 1684 auctore
1172 1622 1232 1685 deo
1259 1622 1312 1700 pio
1336 1639 1358 1682 a

203 1713 296 1775 vobis
316 1711 524 1774 moderamine
547 1717 786 1790 conservantur,
807 1715 840 1768 et
860 1725 955 1790 reges
977 1707 1007 1769 in
1028 1709 1167 1790 populis,
1195 1716 1228 1770 et
1247 1707 1358 1788 populi

91 1872 93 1882 ,
204 1799 237 1860 in
257 1797 400 1879 regibus,
422 1805 456 1858 et
476 1795 556 1858 deus
577 1796 608 1856 in
628 1796 768 1877 utrisque
788 1793 930 1854 laetetur.
966 1793 1053 1854 Scine
1075 1792 1115 1854 de
1135 1794 1245 1856 futuris
1265 1793 1359 1874 regi-

100 1919 103 1926 =
204 1884 264 1946 bus
286 1881 372 1944 liano
394 1881 584 1944 sententiam
612 1881 863 1961 promulgamus,
896 1885 932 1938 ut
960 1879 988 1939 si
1015 1879 1085 1958 quis
1115 1897 1157 1940 ex
1178 1880 1225 1942 eis
1245 1887 1358 1939 contra

203 1967 411 2032 reverentiam
429 1967 537 2048 legum
557 1963 692 2044 superba
711 1963 920 2046 dominatione
940 1971 973 2023 et
993 1963 1077 2024 fastu
1098 1965 1185 2047 regio
1205 1965 1237 2025 in
1258 1962 1358 2044 flagi-

204 2053 257 2115 tiis
267 2049 301 2130 e)
330 2059 365 2113 et
390 2051 527 2113 facinore
553 2050 624 2112 sive
649 2047 820 2128 cupiditate
841 2046 1085 2110 crudelissimam
1110 2056 1301 2130 potestatem
1322 2047 1355 2109 in

203 2137 328 2218 populis
348 2134 532 2214 exercuerit,
554 2132 767 2208 anathematis.
780 2133 936 2196 sententia
953 2152 972 2195 a
987 2133 1112 2196 Christo
1130 2134 1251 2212 domino
1273 2151 1355 2195 con-

203 2221 375 2303 demnetur,
396 2227 430 2282 et
446 2219 561 2303 habeat
579 2237 598 2281 a
613 2217 674 2282 deo
696 2217 925 2300 separationem
946 2227 1041 2300 atque
1060 2217 1209 2298 judicium
1229 2229 1363 2300 propter·

204 2297 300 2388 quod*
314 2304 560 2472 pgaiesumpserit
586 2323 685 2388 praua
713 2323 810 2390 agere
830 2311 864 2366 et
885 2303 916 2366 in
933 2305 1103 2385 perniciem
1123 2291 1252 2390 regn'um
1272 2322 1354 2366 oon-

202 2397 326 2455 vertere
919 2427 921 2434 -

295 2507 346 2572 De
373 2495 546 2572 suintilane
558 2508 719 2596 ἱὶλιιιιο,
752 2509 805 2592 qui
837 2509 959 2574 scelera
995 2511 1116 2594 propria
1143 2518 1288 2576 metuens
1315 2524 1351 2570 se

144 2623 153 2642 .
203 2597 305 2680 ipsum
326 2612 424 2678 regno
445 2595 581 2676 privavit
601 2603 636 2657 et
654 2597 823 2676 potestatis
843 2597 986 2660 fascibus·
1004 2599 1106 2675 exuit,
1125 2597 1157 2660 id
1178 2615 1250 2659 cum
1265 2613 1352 2676 gen·

204 2681 248 2745 tis
276 2681 420 2747 consultu
444 2677 662 2761 decrevimuS,
693 2689 729 2756 ut
754 2697 857 2764 neque
884 2681 1027 2744 eumdem
1048 2683 1102 2744 vel
1125 2701 1255 2744 uxorem
1285 2677 1352 2758 ejus

203 2775 329 2848 propter
355 2765 457 2846 mala,
488 2784 570 2848 quae
595 2765 837 2849 commiserunt,
865 2785 968 2848 neque
993 2766 1074 2849 lilios
1104 2787 1209 2832 eorum
1243 2763 1351 2828 unitati

206 2859 334 2934 nostrae
357 2868 495 2932 unquam
524 2850 757 2931 consociemus,
784 2869 845 2913 nec
874 2869 931 2914 eos
957 2850 998 2914 ad
1018 2845 1180 2935 honores,
1200 2871 1221 2915 a
1242 2851 1351 2934 quibus

205 2931 245 3022 ob
266 2935 458 3017 iniquitatem
474 2932 590 3014 dejecti
609 2943 693 3016 sunt,
715 2935 880 3016 aliquando
900 2955 1139 3018 promoveamus
1152 2935 1217 3020 ¹⁰),
1237 2937 1350 3021 quique

204 3018 300 3108 etiam
318 3021 402 3083 siout
427 3019 554 3104 fastigio
566 3015 621 3098 111)
649 3021 739 3104 regni
758 3019 910 3085 habentur
929 3025 1087 3106 extranei,
1115 3025 1160 3086 ita
1181 3032 1214 3102 et
1235 3041 1255 3084 a
1275 3038 1352 3101 pos-

205 3105 351 3168 sessione
379 3121 497 3188 terum,
528 3123 608 3186 quas
634 3104 675 3167 de
700 3105 880 3168 miserorum
905 3109 1079 3188 sumptibus
1106 3097 1351 3186 hauserant.¹²),

204 3197 351 3254 maneant
379 3189 487 3272 alieni,
512 3195 636 3270 praeter
662 3187 767 3270 inid,
798 3189 882 3269 quod
906 3191 1025 3270 pietate
1051 3191 1182 3274 piissimi
1206 3191 1351 3274 principis

205 3277 303 3339 nostri
324 3275 437 3338 firerint
457 3275 629 3341 consecuti.
660 3273 748 3348 ,Non
768 3274 858 3336 aliter
878 3283 916 3348 etv
933 3273 1097 3340 Geilanem
1111 3277 1166 3358 ¹³)
1193 3276 1350 3340 memorati

204 3361 387 3424 Suintilanis
404 3358 459 3440 Η)
485 3369 520 3422 et
548 3359 703 3442 sanguine
731 3367 765 3422 et
789 3360 911 3422 scelere
940 3361 1079 3444 fratrem,
1112 3365 1165 3446 qui
1191 3382 1294 3446 neque
1317 3361 1349 3422 in

206 3445 421 3527 gennanitatis
442 3443 635 3523 foedere¹⁵)
655 3445 775 3508 stabilis
795 3445 915 3526 extitit,
936 3465 998 3509 nec
1018 3446 1112 3513 fidem
1130 3445 1356 3532 gloriosissimo.

205 3529 456 3592 domino'nostro
477 3528 646 3608 pollicitam
666 3530 886 3616 conservavit,
907 3530 990 3594 huno
1012 3533 1106 3614 igitur
1126 3551 1197 3596 eum
1218 3531 1349 3616 conjuge

168 3659 169 3664 η
205 3625 280 3694 sua,
308 3613 391 3676 sicut
411 3611 706 3693 et'antefatos10),
737 3615 932 3677 osocietate
953 3619 1059 3697 gentis
1081 3627 1176 3702 atque
1193 3616 1348 3682 consortio

204 3707 311 3764 nostro
330 3698 450 3780 placuit
474 3697 632 3782 separari,
657 3715 719 3762 nec
745 3698 778 3760 in
803 3699 930 3764 amissis
954 3701 1154 3768 facultatibus
1180 3701 1213 3766 in
1241 3703 1366 3786 quibus¹

240 3967 270 4038 ¹)
287 3970 368 4021 ΔΜ
384 3969 444 4023 add.
461 3967 498 4024 M.
526 3941 573 4045 ··.··*·
596 3968 626 4038 ²)
643 3967 718 4025 Haec
735 3961 825 4050 omnia
839 3965 872 4020 de
889 3967 1026 4024 formando
1043 3963 1142 4039 optimo
1160 3931 1278 4040 principe
1293 3959 1346 4020 iere

226 4050 229 4063 ·
274 4021 909 4164 ιιιιιιιιιι
924 4039 970 4179 ι·
985 4041 1017 4162 t
1034 4039 1178 4163 ιιι
1193 4042 1361 4162 ιιι

239 4125 343 4246 ‘sedne
360 4180 397 4232 M.
432 4209 469 4222 -
517 4180 546 4247 ὅ)
564 4181 605 4229 Ne
620 4179 658 4232 Μ.
680 4147 725 4227 ⁴..
775 4144 851 4252 olio
868 4193 945 4229 causo
961 4125 1088 4248 expediam
1103 4185 1149 4232 out
1164 4145 1237 4231 reurd
1253 4143 1348 4230 adaleo-

223 4275 231 4289 „
272 4249 452 4316 crateram
470 4249 637 4325 monj-
695 4245 917 4330 parmasu.
938 4247 1013 4334 aa
1051 4277 1087 4290 -
1139 4248 1169 4331 ι)
1187 4248 1346 4302 uecors

270 4317 481 4456 iglin'io.
488 4317 524 4439 ’l
535 4317 608 4426 *⁴¹33*
626 4317 670 4428 n,
671 4315 931 4456 littttllt't
938 4319 1190 4442 ’.l¹²i“1'.‘'''²'‘2'¹‘¹1⁰
1193 4323 1260 4457 13⁰2·
1272 4319 1346 4457 M!

268 4458 370 4524 pont.
389 4485 425 4500 --
457 4455 807 4540 renumeratoris,
827 4457 1172 4539 ιιιιωειιιιιιὶιιιιι.Μ.-··
1205 4457 1256 4526 1⁸)
1274 4457 1345 4510 ueta-

219 4581 220 4585 ,
270 4543 328 4579 aem
343 4527 382 4578 M.
434 4554 469 4566 —·
528 4522 578 4592 ¹⁴)
593 4527 736 4607 suintilani
752 4539 780 4580 rn
799 4527 1063 4590 montemacutum
1078 4543 1107 4580 ιιι
1123 4543 1158 4579 m.
1176 4528 1214 4582 M.
1235 4554 1271 4594 ‚-
1290 4525 1344 4580 uide

208 4617 211 4620 ·
269 4597 375 4678 notia
396 4621 431 4637 ·-
474 4592 670 4660 ¹⁸)ddeibrd.
705 4601 738 4638 ἐ·-
778 4596 910 4659 mm,
928 4597 1200 4663 mmeramme!
1218 4595 1281 4650 ibid.
1312 4621 1343 4635 —
