2880 5050
206 247 275 316 ³22
474 245 716 314 consulunt
742 242 1013 310 noesseltum
1032 239 1103 308 xn.

211 419 368 502 episcopi,
395 417 448 484 nbi
477 438 549 482 eum
584 417 746 502 separavit
771 417 885 500 pariter
906 424 940 480 et
962 413 1123 496 instruxit,
1150 419 1187 476 ιιι
1207 413 1277 476 snb
1308 413 1402 474 omni

211 507 396 590 diligentiae
425 505 531 570 ordine
553 504 619 586 jam
647 506 766 568 dictum
792 504 948 566 dominum
976 509 1116 564 noenum
1144 499 1334 582 Ervigirrm
1369 501 1398 562 iu

213 611 313 676 regno
341 611 462 675 ungere
489 590 639 670 deberet,
669 599 702 652 et
723 591 781 654 sub
803 591 886 652 omni
905 588 1068 671 diligentia
1088 585 1253 649 unctionis
1277 586 1395 666 ipsius

212 677 381 742 celebritas
415 677 525 758 deret3
554 677 587 737 in
624 677 736 757 quibus
766 675 972 758 scripturis1)
1002 671 1258 753 etsubscriptio
1291 671 1394 736 nobis

215 763 357 846 ejusdem
378 760 597 840 Wambani²)
617 761 765 844 principis
786 761 911 843 claruit,
932 769 967 822 et
988 759 1089 822 omnis
1110 757 1279 822 evidentia
1306 779 1393 821 con·

214 848 396 918 firmationis
423 846 601 912 earumdem
624 845 851 927 {seripturarum
878 865 953 910 sese
979 845 1149 908 manifeste
1173 847 1391 908 monstravit.

217 935 340 1016 Quibus
360 935 504 998 omnibus
526 932 706 1015 approbatis
727 941 821 1012 atque
841 932 992 1014 perlectis
1012 931 1141 1016 dignum
1161 931 1247 994 satis
1272 941 1389 994 nostro

218 1022 326 1088 coetui
347 1021 451 1084 risum
474 1027 541 1102 ost,
569 1027 605 1080 ut
625 1016 796 1098 praedictis
818 1017 1048 1080 delinitionibus
1068 1017 1302 1098 scripturarum
1329 1037 1388 1080 no-

217 1117 351 1174 strorum
372 1107 505 1168 omnium
527 1104 720 1168 confirmatio
740 1113 932 1186 apponatur,
960 1112 997 1171 at
1017 1102 1114 1185 qum)
1134 1111 1211 1164 ante
1233 1112 1387 1186 tempora

219 1195 251 1256 in
272 1193 406 1256 occultis
426 1188 522 1270 dei4)
539 1187 667 1271 judiciis
685 1191 864 1270 praescitus
885 1198 937 1252 est
957 1197 1165 1272 regnaturae,
1199 1208 1292 1252 nuuc
1314 1209 1387 1251 rna-

217 1277 334 1342 nil'esto
365 1277 396 1340 in
430 1285 570 1358 tempore
605 1275 795 1358 generaliter
827 1277 963 1337 onmium
993 1273 1193 1337 sacerdotnm
1221 1275 1384 1340 habentur

219 1362 450 1426 delinitionibus
478 1369 694 1426 consecratus.
748 1362 791 1423 lllt
822 1359 894 1423 ideo
922 1361 1027 1423 solnta
1056 1377 1167 1423 manus
1197 1362 1305 1440 populi
1336 1362 1381 1422 ab

220 1448 304 1514 omni
329 1449 455 1512 viuculo
483 1447 671 1528 juramenti,
706 1465 789 1527 quae
821 1446 982 1527 praedicto
1010 1445 1078 1506 viro
1108 1442 1266 1508 Wambee
1295 1445 1372 1506 dum

216 1553 352 1619 regnum
371 1533 475 1596 adhuc
494 1541 620 1596 teneret
639 1532 768 1616 alligata
788 1533 975 1614 permansit,
1002 1531 1085 1593 hunc
1107 1531 1210 1592 solum
1223 1531 1253 1610 ‘l
1278 1549 1371 1591 sere-

224 1621 386 1686 nissimum
412 1618 575 1702 llrvigium
602 1618 772 1698 prinoipem
804 1617 1038 1700 obsequendum
1057 1615 1092 1693 ⁰)
1127 1625 1220 1698 grato
1253 1615 1379 1678 servitii

222 1707 372 1772 famulatu
398 1713 550 1786 sequatur
576 1712 610 1766 ot
637 1702 797 1786 liberal),
825 1723 919 1786 quern
945 1711 981 1765 et
1007 1702 1144 1764 divinum
1166 1701 1326 1782 judicium
1349 1703 1381 1763 in

222 1812 320 1876 regno
348 1791 524 1873 praeelegit
545 1796 579 1850 et
600 1787 752 1851 decessor
771 1790 917 1870 princeps
939 1807 1161 1852 successurum
1175 1787 1209 1867 8)
1232 1788 1304 1850 sibi
1331 1788 1382 1848 irr-

224 1879 342 1958 stituit,
367 1885 400 1938 et
420 1875 502 1957 quod
521 1882 685 1956 superest,
700 1893 799 1955 ¹quem
819 1877 916 1938 totius
936 1874 1043 1956 populi
1062 1874 1240 1935 amabilitas
1261 1874 1380 1954 exqui-

224 1963 309 2026 sivit.
351 1960 442 2026 Unde
469 1961 518 2022 his
543 1959 765 2042 praecognitis*
782 1967 878 2040 atque
905 1959 1074 2041 praescitis
1100 1959 1304 2021 serviendum
1327 1967 1378 2020 est

222 2050 283 2111 sub
312 2045 373 2110 deo
403 2045 484 2108 coeli
509 2045 670 2126 praedicto
698 2045 828 2126 principi
854 2055 960 2108 nostro
980 2043 1111 2128 Ervigio
1138 2045 1206 2127 regi
1228 2063 1303 2108 carm
1325 2063 1376 2124 pra

224 2134 409 2211 devotione,
438 2129 672 2212 obsequendum
694 2131 788 2192 etiam
809 2131 1040 2212 promptissima
1059 2131 1243 2211 uoluntate,
1272 2149 1375 2212 agen-

225 2218 299 2282 dum
321 2225 354 2278 et
373 2217 552 2280 enitendum
574 2215 721 2298 quidquid
742 2215 811 2297 ejus
831 2217 925 2278 saluti
944 2216 1097 2296 proficiat,
1112 2214 1262 2298 quidquid
1280 2215 1369 2298 genti

225 2305 278 2368 vel
307 2302 493 2366 utilitatibus
517 2303 639 2383 patriae
664 2321 744 2366 suae
772 2302 985 2383 consciust),
1018 2302 1101 2364 unde
1134 2320 1197 2362 uon
1224 2301 1285 2364 erit
1311 2299 1374 2380 jam

225 2389 377 2469 deinceps
408 2397 462 2450 aut
491 2391 530 2451 ab
558 2389 769 2450 anathematis
787 2389 945 2450 sententia
964 2388 1085 2450 elianus
1116 2394 1173 2448 aut
1200 2405 1220 2448 a
1252 2387 1376 2450 divinae

215 2474 503 2540 animadversionis
530 2475 648 2536 'ultione
675 2493 807 2538 securus
845 2471 988 2558 quisquis
1023 2473 1161 2554 superbe
1178 2472 1232 2550 ¹⁰)
1268 2481 1376 2535 contra

224 2563 358 2626 salutern
380 2559 449 2640 ejus
466 2560 617 2641 deinceps
639 2569 694 2622 aut
716 2559 849 2622 erexerit
863 2577 977 2620 vocem
997 2567 1051 2620 aut
1073 2558 1278 2620 commoverit
1297 2565 1376 2622 cae-

223 2649 296 2712 dem
319 2655 376 2712 aut
395 2662 621 2728 quamcumque
642 2645 825 2727 exquisierit
845 2645 989 2708 laedendi
1009 2642 1284 2723 occasioueuss).

308 2833 496 2912 Plerumque
522 2831 572 2912 hi,
603 2831 716 2912 quibus
741 2833 901 2896 miseratio
930 2833 1045 2898 domini
1075 2831 1171 2898 etiam
1198 2829 1374 2896 nolentibus

225 2917 389 3000 subvenit,
416 2917 579 2978 beneficiis
606 2917 658 2978 dei
684 2917 829 2982 videntur
855 2939 929 2982 esse
958 2919 1085 3006 ingrati,
1101 2927 1134 2980 et
1152 2917 1246 2980 abuti
1274 2919 1373 3000 gratia

224 3004 391 3088 largitoris,
413 3015 475 3084 qua
494 3003 574 3064 bene
596 3003 646 3064 usi
664 3011 808 3082 poterant
830 3007 980 3087 consequi
1000 3005 1198 3068 abolitionem
1219 3003 1372 3086 facinoris,

224 3092 409 3172 impugnant
428 3105 543 3168 saepe,
565 3087 649 3168 quod
672 3089 822 3150 honorare
843 3089 1045 3172 debuerunt,
1061 3099 1094 3152 et
1115 3087 1252 3170 profanis
1266 3108 1371 3170 quae-

218 3177 329 3240 stibus
357 3171 495 3236 indultae
522 3175 644 3256 gratiae
668 3189 781 3236 munus
802 3193 822 3236 a
842 3193 879 3236 se
901 3175 1044 3256 rejiciunt
1063 3173 1218 3258 quod'ss)
1246 3176 1371 3236 summis

222 3262 311 3324 votis
338 3258 486 3340 amplecti
514 3259 698 3322 debuerunt.
739 3260 864 3322 Etenim
889 3263 1005 3326 multos
1033 3279 1131 3344 saepe
1152 3261 1370 3340 conspeximus

225 3356 260 3410 et
281 3348 314 3409 in
333 3347 435 3408 salute
455 3346 577 3426 positos
604 3347 743 3408 ultimum
764 3345 979 3410 desiderantes
999 3347 1212 3430 poenitentiae
1229 3345 1371 3427 fructum,

226 3441 260 3494 et
277 3447 389 3494 rursus
407 3430 568 3494 nimietate
586 3431 792 3514 aegritudiuis
814 3433 859 3494 ita
884 3433 1030 3516 loquendi
1059 3441 1092 3494 et
1118 3430 1274 3495 sentiendi
1298 3451 1373 3512 per·

215 3516 345 3580 didisse
359 3515 506 3577 'nouitate
533 3516 686 3598 officium,
715 3525 750 3577 ut
770 3517 854 3580 nulla
873 3517 934 3581 illis
955 3537 1030 3582 curn
1051 3516 1174 3593 salutis,
1183 3533 1263 3580 suae
1282 3517 1371 3579 ride-

225 3611 312 3665 retur
336 3603 463 3680 iuesse,
493 3602 575 3662 nullo
603 3602 699 3663 etiarn
719 3601 870 3682 pristinae
892 3603 1070 3666 devotionis
1091 3607 1296 3666 noscerentur
1314 3603 1371 3665 de-

225 3685 341 3751 siderio
368 3686 533 3748 anhelare:
551 3701 693 3766 quorum
720 3693 826 3750 tameu'
853 3689 980 3752 casibus
1007 3687 1182 3752 staternitas
1205 3687 1368 3751 condoleus

219 3775 269 3838 lita
295 3767 412 3837 talium·
427 3772 642 3858 necessitates
659 3773 698 3834 ¹iu
726 3771 788 3834 fide
815 3791 874 3842 sun
900 3770 1118 3856 suscepit·¹⁸)
1130 3820 1140 3858 ,
1169 3775 1207 3836 u‘t
1233 3775 1364 3836 ultimum

224 3862 285 3923 illis
302 3861 454 3922 tribuatur
472 3858 631 3942 viaticum,
654 3877 715 3940 quo
729 3857 784 3937 ¹⁴)
805 3857 1018 3932 scilicet'sine
1038 3859 1141 3924 fructu
1160 3855 1361 3942 poenitentiae

222 3965 286 4008 non
311 3945 481 4007 videantur¹
502 3944 634 4026 mansire
660 3961 679 4004 e
706 3946 855 4028 saecul03
884 3945 912 4016 si
939 3946 1069 4010 forsitan
1095 3943 1282 4026 respiciente
1307 3939 1364 4004 deo

219 4030 319 4094 'saluti
339 4028 492 4111 pristinae
511 4031 729 4110 reformentur,
751 4029 857 4112 -a'gunt
884 4030 1081 4095 cautionibus
1102 4032 1195 4095 ranis
1218 4040 1251 4094 et
1272 4045 1367 4112 oppo-

258 4279 399 4402 ¹&qu:qu
406 4283 599 4406 dadddm-M
614 4281 1006 4420 tinllddndddddddddddddohnn
1021 4283 1066 4421 edd
1080 4283 1264 4420 difflari-in
1281 4280 1367 4406 dddldd

221 4487 227 4496 .
259 4415 288 4486 ι)
311 4414 467 4490 obsequendo
483 4423 512 4480 in
529 4430 565 4488 t,
589 4422 738 4476 mammea
755 4421 784 4478 in
801 4439 837 4477 ιιι.
849 4423 890 4476 -Μ,
931 4453 974 4486 -ψ,
1014 4424 1145 4492 *tillim
1166 4422 1301 4476 inonbb
1333 4449 1368 4462 —-

222 4557 226 4565 ‚
259 4487 289 4554 ⁸)
305 4505 473 4544 successorem
488 4492 527 4550 M.
556 4520 591 4534 -
626 4492 657 4560 ⁹)
673 4494 827 4546 conmmanit
843 4491 880 4545 Μ.
906 4513 954 4537 -·
974 4493 1025 4561 Ν)
1040 4495 1122 4550 Deest
1138 4509 1191 4546 rex
1207 4491 1262 4545 illa.
1288 4491 1367 4544 ilerd.

239 4565 270 4600 ¹1
305 4560 582 4620 ornamentorum.
626 4589 660 4602 -
714 4561 836 4630 Uienna
853 4563 889 4616 bl.
923 4593 958 4606 -ψ
986 4563 1085 4617 Foster
1111 4577 1188 4630 qum
1216 4562 1296 4614 Hasd.
1330 4589 1362 4600 -

237 4633 271 4670 1³
303 4633 494 4700 conceperitld.
530 4631 866 4700 -,..¹⁴)onndnl..«-
1016 4645 1023 4664 ··
1090 4652 1093 4668 ⁴
1153 4659 1156 4664 ·
1207 4663 1210 4672 ·
1267 4656 1270 4667 ·
