2928 5044
424 1591 937 1684 PRAEFATIO.

180 2059 227 2134 G.
242 2059 400 2136 Rarum
423 2061 550 2158 nostri,
571 2059 653 2140 Viri
674 2058 721 2138 de
741 2083 781 2137 ro
798 2057 956 2138 literaria
976 2056 1108 2160 optimc
1131 2056 1256 2154 meriti,

103 2216 277 2318 cujusque
301 2214 486 2294 amicitiam
517 2214 638 2316 magni
669 2213 781 2310 facio,
812 2219 897 2292 voto
922 2212 1178 2314 gratificatum²
1209 2212 1256 2297 do

104 2367 326 2447 collectionis
344 2369 452 2470 hujus
471 2368 724 2474 suscipiendae
745 2367 895 2468 librique
913 2367 1024 2468 hujua
1042 2367 1172 2446 edendi
1189 2391 1256 2448 oc-

103 2520 251 2602 casione
269 2525 422 2626 paucula
444 2523 555 2600 verba
574 2521 711 2598 faciam
749 2525 863 2600 Beato
883 2521 1257 2618 Scnnnrnnuaounno,

104 2675 196 2750 Viro
230 2700 385 2772 summo,
417 2675 525 2754 sicuti
554 2698 765 2775 persuasum
802 2682 880 2751 erat
904 2675 1105 2754 interiorem
1129 2699 1255 2750 monu-

104 2835 298 2910 mentorum
318 2829 500 2912 ecolesiae
519 2829 655 2910 veteris
678 2828 914 2927 cognitionem
935 2827 1115 2930 plurimam
1137 2827 1256 2907 studio

103 2973 310 3089 theologico
344 2985 529 3062 utilitatem
561 2985 745 3060 allaturam
780 3006 891 3078 esse,
925 2982 976 3060 ita
1008 2991 1115 3062 enata
1137 2983 1173 3062 ei
1198 2990 1275 3110 est!

102 3137 275 3239 cogitatio
300 3137 346 3214 de
372 3136 740 3215 Chrestomatlria
765 3136 1041 3233 Patristica,
1074 3162 1164 3237 qnae
1190 3162 1255 3214 se«

103 3291 201 3368 lecta
218 3291 389 3392 quaedam
414 3301 553 3393 patrum
577 3290 904 3368 ecclesiasticorum
928 3290 1064 3392 scripta
1089 3291 1254 3368 contine.

103 3452 170 3534 ret,
195 3444 345 3520 edenda.
386 3445 498 3536 Quum
520 3443 657 3520 interea
680 3443 871 3519 Germania
894 3451 1019 3520 nostra
1038 3454 1254 3547 praecepto*

102 3622 311 3673 remanum
340 3574 529 3675 arniaisset
564 3606 749 3695 arrtequam
779 3598 873 3674 hano
914 3621 1034 3673 curam
1067 3599 1255 3700 suscipere.

102 3759 247 3851 posset,
272 3753 465 3826 Rarnnnna
495 3752 541 3828 de
573 3755 643 3830 hoc
669 3750 814 3852 negotio
838 3777 894 3829 me
920 3754 1117 3846 consuluit3
1150 3763 1255 3854 atquo

103 3905 184 4004 ipse
209 3913 333 3980 auctor
358 3904 409 3980 fui
434 3905 525 3986 Viro
551 3907 700 4008 optimo,
725 3915 764 3980 ut
789 3930 860 3983 non
885 3908 999 3983 solum
1022 3908 1162 3986 selecta
1186 3935 1253 4010 pa-

104 4065 193 4130 trum
216 4057 544 4137 ecclesiasticorum
564 4061 711 4162 scripta,
733 4059 800 4136 sed
819 4060 889 4136 alia
907 4062 1010 4138 etiarn
1034 4073 1254 4140 monumenta

102 4209 314 4286 accuratiori
343 4213 561 4321 anitiquitatis
599 4214 873 4292 ecclesiasticae
911 4215 1105 4315 cognitioni
1138 4218 1254 4318 pluri-

101 4389 191 4441 mum
217 4363 457 4463 inservitura,
489 4369 571 4450 lruio
597 4369 800 4447 collectioni
826 4367 1123 4446 adscriberentur.
1173 4373 1256 4460 lle-¹

99 4515 263 4597 mandavi
296 4518 405 4614 igitur
439 4521 530 4603 hanc
564 4547 706 4618 operam
733 4521 950 4603 amicissimo
973 4523 1056 4597 milri
1083 4525 1252 4615 lironem,

998 4645 1019 4684 Ι
