<?xml version="1.0" encoding="UTF-8"?>
<!DOCTYPE html PUBLIC "-//W3C//DTD XHTML 1.0 Transitional//EN"
    "http://www.w3.org/TR/xhtml1/DTD/xhtml1-transitional.dtd">
<html xmlns="http://www.w3.org/1999/xhtml" xml:lang="en" lang="en">
 <head>
  <title>
</title>
<meta http-equiv="Content-Type" content="text/html;charset=utf-8" />
  <meta name='ocr-system' content='tesseract 3.04.00' />
  <meta name='ocr-capabilities' content='ocr_page ocr_carea ocr_par ocr_line ocrx_word'/>
</head>
<body>
  <div class='ocr_page' id='page_1' title='image "./canonesapostolo00brungoog/canonesapostolo00brungoog_0321.png"; bbox 0 0 2880 5050; ppageno 0'>
   <div class='ocr_carea' id='block_1_1' title="bbox 209 223 1091 293">
    <p class='ocr_par' dir='ltr' id='par_1_1' title="bbox 209 223 1091 293">
     <span class='ocr_line' id='line_1_1' title="bbox 209 223 1091 293; baseline 0.001 -2"><span class='ocrx_word' id='word_1_1' title='bbox 209 224 274 293; x_wconf 81' lang='grc'><strong>308</strong></span> <span class='ocrx_word' id='word_1_2' title='bbox 485 223 725 292; x_wconf 76' lang='lat' dir='ltr'><strong>CONCILIUM</strong></span> <span class='ocrx_word' id='word_1_3' title='bbox 746 223 1017 292; x_wconf 71' lang='lat' dir='ltr'><strong>&#39;l&#39;OlM&#39;l’ANUM</strong></span> <span class='ocrx_word' id='word_1_4' title='bbox 1035 225 1091 292; x_wconf 84' lang='lat' dir='ltr'><strong>Xl.</strong></span> 
     </span>
    </p>
   </div>
   <div class='ocr_carea' id='block_1_2' title="bbox 209 383 1416 3981">
    <p class='ocr_par' dir='ltr' id='par_1_2' title="bbox 213 383 1392 736">
     <span class='ocr_line' id='line_1_2' title="bbox 214 383 1392 480; baseline 0 -22"><span class='ocrx_word' id='word_1_5' title='bbox 214 393 414 477; x_wconf 89' lang='lat' dir='ltr'><strong>mundantur,</strong></span> <span class='ocrx_word' id='word_1_6' title='bbox 435 411 492 476; x_wconf 91' lang='lat' dir='ltr'><strong>per</strong></span> <span class='ocrx_word' id='word_1_7' title='bbox 512 411 605 478; x_wconf 87' lang='lat' dir='ltr'><strong>quam</strong></span> <span class='ocrx_word' id='word_1_8' title='bbox 626 383 720 458; x_wconf 75' lang='lat' dir='ltr'><strong>atia&#39;m</strong></span> <span class='ocrx_word' id='word_1_9' title='bbox 741 393 895 458; x_wconf 90' lang='lat' dir='ltr'><strong>addeum</strong></span> <span class='ocrx_word' id='word_1_10' title='bbox 916 395 1053 480; x_wconf 86' lang='lat' dir='ltr'><strong>gloriose</strong></span> <span class='ocrx_word' id='word_1_11' title='bbox 1074 391 1256 477; x_wconf 74' lang='lat' dir='ltr'><strong>acceditur,</strong></span> <span class='ocrx_word' id='word_1_12' title='bbox 1281 392 1392 476; x_wconf 84' lang='lat' dir='ltr'><strong>crrjus</strong></span> 
     </span>
     <span class='ocr_line' id='line_1_3' title="bbox 214 479 1388 563; baseline -0.001 -19"><span class='ocrx_word' id='word_1_13' title='bbox 214 488 448 544; x_wconf 82' lang='lat' dir='ltr'><strong>sacrosanctum</strong></span> <span class='ocrx_word' id='word_1_14' title='bbox 468 480 657 561; x_wconf 85' lang='lat' dir='ltr'><strong>saporem1)</strong></span> <span class='ocrx_word' id='word_1_15' title='bbox 684 480 742 543; x_wconf 90' lang='lat' dir='ltr'><strong>sub</strong></span> <span class='ocrx_word' id='word_1_16' title='bbox 771 480 913 544; x_wconf 89' lang='lat' dir='ltr'><strong>triduano</strong></span> <span class='ocrx_word' id='word_1_17' title='bbox 940 483 1059 546; x_wconf 87' lang='lat' dir='ltr'><strong>diemm</strong></span> <span class='ocrx_word' id='word_1_18' title='bbox 1074 479 1194 563; x_wconf 85' lang='lat' dir='ltr'><strong>jejunio</strong></span> <span class='ocrx_word' id='word_1_19' title='bbox 1215 481 1388 543; x_wconf 85' lang='lat' dir='ltr'><strong>continua</strong></span> 
     </span>
     <span class='ocr_line' id='line_1_4' title="bbox 213 564 1386 652; baseline 0 -23"><span class='ocrx_word' id='word_1_20' title='bbox 213 567 395 629; x_wconf 78' lang='lat' dir='ltr'><strong>relationum</strong></span> <span class='ocrx_word' id='word_1_21' title='bbox 419 567 586 628; x_wconf 89' lang='lat' dir='ltr'><strong>collatione</strong></span> <span class='ocrx_word' id='word_1_22' title='bbox 612 564 819 645; x_wconf 82' lang='lat' dir='ltr'><strong>ructantes2)</strong></span> <span class='ocrx_word' id='word_1_23' title='bbox 852 567 891 628; x_wconf 92' lang='lat' dir='ltr'><strong>ad</strong></span> <span class='ocrx_word' id='word_1_24' title='bbox 920 587 975 652; x_wconf 90' lang='lat' dir='ltr'><strong>ea,</strong></span> <span class='ocrx_word' id='word_1_25' title='bbox 1003 572 1084 650; x_wconf 85' lang='lat' dir='ltr'><strong>q&#39;uae</strong></span> <span class='ocrx_word' id='word_1_26' title='bbox 1109 567 1258 630; x_wconf 87' lang='lat' dir='ltr'><strong>subnexa</strong></span> <span class='ocrx_word' id='word_1_27' title='bbox 1289 576 1386 649; x_wconf 84' lang='lat' dir='ltr'><strong>sunt,</strong></span> 
     </span>
     <span class='ocr_line' id='line_1_5' title="bbox 214 650 933 736; baseline -0.003 -20"><span class='ocrx_word' id='word_1_28' title='bbox 214 652 361 736; x_wconf 80' lang='lat' dir='ltr'>sequenti</span> <span class='ocrx_word' id='word_1_29' title='bbox 381 650 431 714; x_wconf 92' lang='lat' dir='ltr'><strong>die</strong></span> <span class='ocrx_word' id='word_1_30' title='bbox 453 650 697 731; x_wconf 68' lang='lat' dir='ltr'><strong>decernentur)</strong></span> <span class='ocrx_word' id='word_1_31' title='bbox 724 651 933 716; x_wconf 70' lang='lat' dir='ltr'>transivimus.</span> 
     </span>
    </p>

    <p class='ocr_par' dir='ltr' id='par_1_3' title="bbox 209 817 1416 2525">
     <span class='ocr_line' id='line_1_6' title="bbox 298 817 1416 886; baseline -0.004 -2"><span class='ocrx_word' id='word_1_32' title='bbox 298 823 334 884; x_wconf 93' lang='lat' dir='ltr'><strong>ln</strong></span> <span class='ocrx_word' id='word_1_33' title='bbox 360 822 430 885; x_wconf 91' lang='lat' dir='ltr'><strong>loco</strong></span> <span class='ocrx_word' id='word_1_34' title='bbox 456 821 684 884; x_wconf 71' lang='lat' dir='ltr'><strong>benedictionis</strong></span> <span class='ocrx_word' id='word_1_35' title='bbox 710 821 913 885; x_wconf 77' lang='lat' dir='ltr'><strong>considentes</strong></span> <span class='ocrx_word' id='word_1_36' title='bbox 934 817 1048 883; x_wconf 92' lang='lat' dir='ltr'><strong>domini</strong></span> <span class='ocrx_word' id='word_1_37' title='bbox 1067 821 1255 886; x_wconf 76' lang='lat' dir='ltr'><strong>sacerdotes</strong></span> <span class='ocrx_word' id='word_1_38' title='bbox 1279 823 1381 886; x_wconf 87' lang='lat' dir='ltr'><strong>nullis</strong></span> <span class='ocrx_word' id='word_1_39' title='bbox 1415 875 1416 880; x_wconf 75' lang='grc'>,</span> 
     </span>
     <span class='ocr_line' id='line_1_7' title="bbox 214 905 1379 990; baseline 0 -18"><span class='ocrx_word' id='word_1_40' title='bbox 214 908 331 972; x_wconf 90' lang='lat' dir='ltr'><strong>debent</strong></span> <span class='ocrx_word' id='word_1_41' title='bbox 348 906 383 986; x_wconf 84' lang='lat'><strong>⁴)</strong></span> <span class='ocrx_word' id='word_1_42' title='bbox 412 916 467 970; x_wconf 91' lang='lat' dir='ltr'><strong>aut</strong></span> <span class='ocrx_word' id='word_1_43' title='bbox 493 907 670 970; x_wconf 85' lang='lat' dir='ltr'><strong>indiscretis</strong></span> <span class='ocrx_word' id='word_1_44' title='bbox 690 908 823 970; x_wconf 85' lang='lat' dir='ltr'><strong>vocibus</strong></span> <span class='ocrx_word' id='word_1_45' title='bbox 843 907 1016 988; x_wconf 79' lang='lat' dir='ltr'><strong>praestrepi</strong></span> <span class='ocrx_word' id='word_1_46' title='bbox 1032 905 1066 985; x_wconf 79' lang='lat'><strong>³)</strong></span> <span class='ocrx_word' id='word_1_47' title='bbox 1094 916 1148 970; x_wconf 88' lang='lat' dir='ltr'><strong>ant</strong></span> <span class='ocrx_word' id='word_1_48' title='bbox 1174 908 1379 990; x_wconf 84' lang='lat' dir='ltr'><strong>quibuslibet</strong></span> 
     </span>
     <span class='ocr_line' id='line_1_8' title="bbox 214 991 1376 1074; baseline -0.001 -17"><span class='ocrx_word' id='word_1_49' title='bbox 214 993 397 1057; x_wconf 77' lang='lat' dir='ltr'><strong>tumultibus</strong></span> <span class='ocrx_word' id='word_1_50' title='bbox 417 993 588 1074; x_wconf 88' lang='lat' dir='ltr'><strong>proturbari</strong></span> <span class='ocrx_word' id='word_1_51' title='bbox 598 991 642 1072; x_wconf 79' lang='lat'><strong>⁶),</strong></span> <span class='ocrx_word' id='word_1_52' title='bbox 663 991 799 1070; x_wconf 79' lang='lat' dir='ltr'><strong>nullis&#39;)</strong></span> <span class='ocrx_word' id='word_1_53' title='bbox 821 993 915 1054; x_wconf 86' lang='lat' dir='ltr'><strong>etiam</strong></span> <span class='ocrx_word' id='word_1_54' title='bbox 934 993 1027 1053; x_wconf 86' lang='lat' dir='ltr'><strong>vanis</strong></span> <span class='ocrx_word' id='word_1_55' title='bbox 1046 993 1159 1054; x_wconf 86' lang='lat' dir='ltr'><strong>fabulis</strong></span> <span class='ocrx_word' id='word_1_56' title='bbox 1173 994 1230 1054; x_wconf 86' lang='lat' dir='ltr'><strong>vel</strong></span> <span class='ocrx_word' id='word_1_57' title='bbox 1252 995 1376 1057; x_wconf 88' lang='lat' dir='ltr'><strong>risibus</strong></span> 
     </span>
     <span class='ocr_line' id='line_1_9' title="bbox 214 1071 1416 1164; baseline -0.002 -22"><span class='ocrx_word' id='word_1_58' title='bbox 214 1081 269 1164; x_wconf 87' lang='lat' dir='ltr'><strong>agi</strong></span> <span class='ocrx_word' id='word_1_59' title='bbox 298 1087 332 1140; x_wconf 93' lang='lat' dir='ltr'><strong>et</strong></span> <span class='ocrx_word' id='word_1_60' title='bbox 351 1079 435 1160; x_wconf 91' lang='lat' dir='ltr'><strong>quod</strong></span> <span class='ocrx_word' id='word_1_61' title='bbox 455 1086 507 1140; x_wconf 90' lang='lat' dir='ltr'><strong>est</strong></span> <span class='ocrx_word' id='word_1_62' title='bbox 527 1077 666 1140; x_wconf 91' lang='lat' dir='ltr'><strong>deterius</strong></span> <span class='ocrx_word' id='word_1_63' title='bbox 685 1077 852 1140; x_wconf 84' lang='lat' dir='ltr'><strong>obstinatis</strong></span> <span class='ocrx_word' id='word_1_64' title='bbox 882 1078 1166 1140; x_wconf 78' lang='lat' dir='ltr'><strong>concertationibus</strong></span> <span class='ocrx_word' id='word_1_65' title='bbox 1181 1077 1217 1157; x_wconf 69' lang='grc' dir='ltr'><strong>Β)</strong></span> <span class='ocrx_word' id='word_1_66' title='bbox 1247 1081 1374 1141; x_wconf 87' lang='lat' dir='ltr'><strong>tumul·</strong></span> <span class='ocrx_word' id='word_1_67' title='bbox 1415 1071 1416 1110; x_wconf 44' lang='lat' dir='ltr'><strong>l</strong></span> 
     </span>
     <span class='ocr_line' id='line_1_10' title="bbox 213 1159 1374 1246; baseline 0 -20"><span class='ocrx_word' id='word_1_68' title='bbox 213 1173 326 1226; x_wconf 88' lang='lat' dir='ltr'><strong>tuosas</strong></span> <span class='ocrx_word' id='word_1_69' title='bbox 344 1181 445 1225; x_wconf 89' lang='lat' dir='ltr'><strong>voces</strong></span> <span class='ocrx_word' id='word_1_70' title='bbox 465 1161 634 1225; x_wconf 89' lang='lat' dir='ltr'><strong>effundere.</strong></span> <span class='ocrx_word' id='word_1_71' title='bbox 678 1159 718 1222; x_wconf 80' lang='lat' dir='ltr'><strong>st</strong></span> <span class='ocrx_word' id='word_1_72' title='bbox 739 1163 809 1244; x_wconf 84' lang='lat' dir='ltr'><strong>quia</strong></span> <span class='ocrx_word' id='word_1_73' title='bbox 830 1165 929 1237; x_wconf 82' lang='lat' dir='ltr'><strong>enim,</strong></span> <span class='ocrx_word' id='word_1_74' title='bbox 949 1171 986 1224; x_wconf 92' lang='lat' dir='ltr'><strong>ut</strong></span> <span class='ocrx_word' id='word_1_75' title='bbox 1006 1163 1170 1243; x_wconf 90' lang='lat' dir='ltr'><strong>apostolus</strong></span> <span class='ocrx_word' id='word_1_76' title='bbox 1191 1165 1248 1244; x_wconf 82' lang='lat' dir='ltr'><strong>ait,</strong></span> <span class='ocrx_word' id='word_1_77' title='bbox 1267 1172 1374 1246; x_wconf 73' lang='lat' dir='ltr'><strong>portat</strong></span> 
     </span>
     <span class='ocr_line' id='line_1_11' title="bbox 214 1246 1371 1330; baseline 0 -20"><span class='ocrx_word' id='word_1_78' title='bbox 214 1269 249 1310; x_wconf 85' lang='lat' dir='ltr'><strong>sc</strong></span> <span class='ocrx_word' id='word_1_79' title='bbox 272 1247 456 1330; x_wconf 79' lang='lat' dir='ltr'><strong>religiosum</strong></span> <span class='ocrx_word' id='word_1_80' title='bbox 477 1267 560 1324; x_wconf 83' lang='lat' dir='ltr'><strong>esee,</strong></span> <span class='ocrx_word' id='word_1_81' title='bbox 588 1267 652 1309; x_wconf 79' lang='lat' dir='ltr'><strong>noc</strong></span> <span class='ocrx_word' id='word_1_82' title='bbox 672 1248 839 1328; x_wconf 79' lang='lat' dir='ltr'><strong>refrenans</strong></span> <span class='ocrx_word' id='word_1_83' title='bbox 859 1246 1003 1330; x_wconf 73' lang='lat' dir='ltr'><strong>lingum</strong></span> <span class='ocrx_word' id='word_1_84' title='bbox 1022 1267 1113 1310; x_wconf 81' lang='lat' dir='ltr'><strong>sunm</strong></span> <span class='ocrx_word' id='word_1_85' title='bbox 1134 1249 1193 1310; x_wconf 83' lang='lat' dir='ltr'><strong>aed</strong></span> <span class='ocrx_word' id='word_1_86' title='bbox 1213 1249 1371 1311; x_wconf 65' lang='lat' dir='ltr'><strong>semeria</strong></span> 
     </span>
     <span class='ocr_line' id='line_1_12' title="bbox 214 1330 1370 1416; baseline 0.001 -21"><span class='ocrx_word' id='word_1_87' title='bbox 214 1351 269 1396; x_wconf 88' lang='lat' dir='ltr'><strong>cor</strong></span> <span class='ocrx_word' id='word_1_88' title='bbox 294 1353 402 1409; x_wconf 80' lang='lat' dir='ltr'><strong>sunm,</strong></span> <span class='ocrx_word' id='word_1_89' title='bbox 428 1333 520 1414; x_wconf 78' lang='lat' dir='ltr'><strong>bojon</strong></span> <span class='ocrx_word' id='word_1_90' title='bbox 548 1351 633 1394; x_wconf 81' lang='lat' dir='ltr'><strong>coro</strong></span> <span class='ocrx_word' id='word_1_91' title='bbox 660 1337 709 1394; x_wconf 80' lang='lat' dir='ltr'><strong>cat</strong></span> <span class='ocrx_word' id='word_1_92' title='bbox 734 1330 849 1416; x_wconf 78' lang='lat' dir='ltr'><strong>religio</strong></span> <span class='ocrx_word' id='word_1_93' title='bbox 864 1331 925 1411; x_wconf 70' lang='grc' dir='ltr'><strong>ο),·</strong></span> <span class='ocrx_word' id='word_1_94' title='bbox 953 1333 1069 1396; x_wconf 88' lang='lat' dir='ltr'><strong>cultum</strong></span> <span class='ocrx_word' id='word_1_95' title='bbox 1095 1334 1178 1395; x_wconf 90' lang='lat' dir='ltr'><strong>enim</strong></span> <span class='ocrx_word' id='word_1_96' title='bbox 1205 1332 1370 1412; x_wconf 74' lang='lat' dir='ltr'><strong>suum10)</strong></span> 
     </span>
     <span class='ocr_line' id='line_1_13' title="bbox 209 1417 1363 1502; baseline -0.001 -22"><span class='ocrx_word' id='word_1_97' title='bbox 209 1417 335 1500; x_wconf 86' lang='lat' dir='ltr'><strong>justitia</strong></span> <span class='ocrx_word' id='word_1_98' title='bbox 354 1417 472 1500; x_wconf 91' lang='lat' dir='ltr'><strong>perdit,</strong></span> <span class='ocrx_word' id='word_1_99' title='bbox 491 1417 614 1502; x_wconf 89' lang='lat' dir='ltr'><strong>quando</strong></span> <span class='ocrx_word' id='word_1_100' title='bbox 635 1417 761 1480; x_wconf 88' lang='lat' dir='ltr'><strong>silentia</strong></span> <span class='ocrx_word' id='word_1_101' title='bbox 777 1417 886 1496; x_wconf 87' lang='lat' dir='ltr'><strong>judicii</strong></span> <span class='ocrx_word' id='word_1_102' title='bbox 906 1419 1150 1499; x_wconf 85' lang='lat' dir='ltr'><strong>obstrepentium</strong></span> <span class='ocrx_word' id='word_1_103' title='bbox 1170 1419 1260 1482; x_wconf 86' lang='lat' dir='ltr'><strong>turba</strong></span> <span class='ocrx_word' id='word_1_104' title='bbox 1279 1435 1363 1481; x_wconf 88' lang='lat' dir='ltr'><strong>corr·</strong></span> 
     </span>
     <span class='ocr_line' id='line_1_14' title="bbox 212 1501 1362 1588; baseline 0 -22"><span class='ocrx_word' id='word_1_105' title='bbox 212 1503 314 1568; x_wconf 86' lang='lat' dir='ltr'><strong>fundit</strong></span> <span class='ocrx_word' id='word_1_106' title='bbox 321 1549 332 1588; x_wconf 88' lang='lat'><strong>,</strong></span> <span class='ocrx_word' id='word_1_107' title='bbox 358 1504 485 1568; x_wconf 89' lang='lat' dir='ltr'><strong>dicente</strong></span> <span class='ocrx_word' id='word_1_108' title='bbox 511 1504 683 1586; x_wconf 86' lang='lat' dir='ltr'><strong>propheta:</strong></span> <span class='ocrx_word' id='word_1_109' title='bbox 717 1503 795 1567; x_wconf 73' lang='lat' dir='ltr'><strong>mre</strong></span> <span class='ocrx_word' id='word_1_110' title='bbox 824 1502 926 1566; x_wconf 69' lang='lat' dir='ltr'><strong>cadro</strong></span> <span class='ocrx_word' id='word_1_111' title='bbox 945 1503 1102 1584; x_wconf 77' lang='lat' dir='ltr'><strong>justitiae</strong></span> <span class='ocrx_word' id='word_1_112' title='bbox 1120 1501 1362 1583; x_wconf 63' lang='lat' dir='ltr'><strong>silentiurrssl.</strong></span> 
     </span>
     <span class='ocr_line' id='line_1_15' title="bbox 213 1588 1367 1674; baseline 0 -22"><span class='ocrx_word' id='word_1_113' title='bbox 213 1590 320 1653; x_wconf 89' lang='lat' dir='ltr'><strong>Debet</strong></span> <span class='ocrx_word' id='word_1_114' title='bbox 340 1609 416 1674; x_wconf 91' lang='lat' dir='ltr'><strong>ergo</strong></span> <span class='ocrx_word' id='word_1_115' title='bbox 433 1589 586 1670; x_wconf 81' lang='lat' dir='ltr'><strong>quidquid</strong></span> <span class='ocrx_word' id='word_1_116' title='bbox 607 1596 662 1651; x_wconf 88' lang='lat' dir='ltr'><strong>aut</strong></span> <span class='ocrx_word' id='word_1_117' title='bbox 682 1588 976 1668; x_wconf 77' lang='lat' dir='ltr'><strong>considentium12)</strong></span> <span class='ocrx_word' id='word_1_118' title='bbox 991 1588 1277 1667; x_wconf 80' lang='lat' dir='ltr'><strong>collationibns¹³)</strong></span> <span class='ocrx_word' id='word_1_119' title='bbox 1294 1590 1367 1672; x_wconf 87' lang='lat' dir='ltr'><strong>agi-</strong></span> 
     </span>
     <span class='ocr_line' id='line_1_16' title="bbox 214 1675 1367 1754; baseline 0 -16"><span class='ocrx_word' id='word_1_120' title='bbox 214 1684 266 1739; x_wconf 89' lang='lat' dir='ltr'><strong>tur</strong></span> <span class='ocrx_word' id='word_1_121' title='bbox 293 1682 349 1738; x_wconf 88' lang='lat' dir='ltr'><strong>aut</strong></span> <span class='ocrx_word' id='word_1_122' title='bbox 371 1676 588 1739; x_wconf 88' lang='lat' dir='ltr'><strong>accusantium</strong></span> <span class='ocrx_word' id='word_1_123' title='bbox 613 1681 702 1754; x_wconf 87' lang='lat' dir='ltr'><strong>parte</strong></span> <span class='ocrx_word' id='word_1_124' title='bbox 729 1675 909 1754; x_wconf 84' lang='lat' dir='ltr'><strong>proponitur</strong></span> <span class='ocrx_word' id='word_1_125' title='bbox 933 1676 982 1738; x_wconf 91' lang='lat' dir='ltr'><strong>sic</strong></span> <span class='ocrx_word' id='word_1_126' title='bbox 1007 1675 1172 1737; x_wconf 87' lang='lat' dir='ltr'><strong>mitissima</strong></span> <span class='ocrx_word' id='word_1_127' title='bbox 1197 1675 1367 1738; x_wconf 84' lang='lat' dir='ltr'><strong>verborum</strong></span> 
     </span>
     <span class='ocr_line' id='line_1_17' title="bbox 213 1759 1366 1843; baseline -0.001 -20"><span class='ocrx_word' id='word_1_128' title='bbox 213 1762 366 1824; x_wconf 89' lang='lat' dir='ltr'><strong>relatione</strong></span> <span class='ocrx_word' id='word_1_129' title='bbox 392 1761 537 1843; x_wconf 83' lang='lat' dir='ltr'><strong>proferri,</strong></span> <span class='ocrx_word' id='word_1_130' title='bbox 564 1768 600 1822; x_wconf 92' lang='lat' dir='ltr'><strong>ut</strong></span> <span class='ocrx_word' id='word_1_131' title='bbox 627 1777 688 1822; x_wconf 91' lang='lat' dir='ltr'><strong>neo</strong></span> <span class='ocrx_word' id='word_1_132' title='bbox 714 1760 920 1822; x_wconf 85' lang='lat' dir='ltr'><strong>contentiosis</strong></span> <span class='ocrx_word' id='word_1_133' title='bbox 946 1761 1079 1823; x_wconf 88' lang='lat' dir='ltr'><strong>vocibus</strong></span> <span class='ocrx_word' id='word_1_134' title='bbox 1106 1759 1366 1840; x_wconf 67' lang='lat' dir='ltr'><strong>audentiamu)</strong></span> 
     </span>
     <span class='ocr_line' id='line_1_18' title="bbox 213 1842 1366 1927; baseline -0.001 -18"><span class='ocrx_word' id='word_1_135' title='bbox 213 1849 362 1927; x_wconf 91' lang='lat' dir='ltr'><strong>turbent,</strong></span> <span class='ocrx_word' id='word_1_136' title='bbox 393 1865 455 1910; x_wconf 90' lang='lat' dir='ltr'><strong>nec</strong></span> <span class='ocrx_word' id='word_1_137' title='bbox 482 1845 687 1926; x_wconf 86' lang='lat' dir='ltr'><strong>judicantium</strong></span> <span class='ocrx_word' id='word_1_138' title='bbox 703 1842 758 1922; x_wconf 83' lang='lat'><strong>¹⁵)</strong></span> <span class='ocrx_word' id='word_1_139' title='bbox 790 1845 934 1927; x_wconf 85' lang='lat' dir='ltr'><strong>vigorem</strong></span> <span class='ocrx_word' id='word_1_140' title='bbox 964 1843 1005 1907; x_wconf 90' lang='lat' dir='ltr'><strong>de</strong></span> <span class='ocrx_word' id='word_1_141' title='bbox 1037 1845 1171 1908; x_wconf 86' lang='lat' dir='ltr'><strong>tumultu</strong></span> <span class='ocrx_word' id='word_1_142' title='bbox 1201 1855 1366 1908; x_wconf 87' lang='lat' dir='ltr'><strong>enervent.</strong></span> 
     </span>
     <span class='ocr_line' id='line_1_19' title="bbox 213 1926 1365 2014; baseline 0 -20"><span class='ocrx_word' id='word_1_143' title='bbox 213 1930 409 2012; x_wconf 82' lang='lat' dir='ltr'><strong>Quicumque</strong></span> <span class='ocrx_word' id='word_1_144' title='bbox 442 1949 518 2013; x_wconf 86' lang='lat' dir='ltr'><strong>ergo</strong></span> <span class='ocrx_word' id='word_1_145' title='bbox 553 1931 584 1992; x_wconf 94' lang='lat' dir='ltr'><strong>in</strong></span> <span class='ocrx_word' id='word_1_146' title='bbox 613 1937 773 1991; x_wconf 87' lang='lat' dir='ltr'><strong>conventu</strong></span> <span class='ocrx_word' id='word_1_147' title='bbox 800 1931 923 1992; x_wconf 89' lang='lat' dir='ltr'><strong>concilii</strong></span> <span class='ocrx_word' id='word_1_148' title='bbox 947 1926 1051 2012; x_wconf 78' lang='lat' dir='ltr'><strong>lraeo&#39;,</strong></span> <span class='ocrx_word' id='word_1_149' title='bbox 1080 1948 1163 2014; x_wconf 90' lang='lat' dir='ltr'><strong>quae</strong></span> <span class='ocrx_word' id='word_1_150' title='bbox 1188 1933 1365 2010; x_wconf 85' lang='lat' dir='ltr'><strong>praemissa</strong></span> 
     </span>
     <span class='ocr_line' id='line_1_20' title="bbox 212 2014 1365 2080; baseline -0.002 0"><span class='ocrx_word' id='word_1_151' title='bbox 212 2026 289 2080; x_wconf 89' lang='lat' dir='ltr'><strong>sunt</strong></span> <span class='ocrx_word' id='word_1_152' title='bbox 313 2015 458 2078; x_wconf 90' lang='lat' dir='ltr'><strong>violanda</strong></span> <span class='ocrx_word' id='word_1_153' title='bbox 487 2014 653 2078; x_wconf 87' lang='lat' dir='ltr'><strong>crediderit</strong></span> <span class='ocrx_word' id='word_1_154' title='bbox 678 2021 713 2076; x_wconf 92' lang='lat' dir='ltr'><strong>et</strong></span> <span class='ocrx_word' id='word_1_155' title='bbox 741 2021 849 2075; x_wconf 87' lang='lat' dir='ltr'><strong>contra</strong></span> <span class='ocrx_word' id='word_1_156' title='bbox 868 2015 950 2077; x_wconf 90' lang='lat' dir='ltr'><strong>lraeo</strong></span> <span class='ocrx_word' id='word_1_157' title='bbox 969 2015 1134 2078; x_wconf 86' lang='lat' dir='ltr'><strong>interdieta</strong></span> <span class='ocrx_word' id='word_1_158' title='bbox 1153 2023 1210 2078; x_wconf 90' lang='lat' dir='ltr'><strong>aut</strong></span> <span class='ocrx_word' id='word_1_159' title='bbox 1229 2017 1365 2078; x_wconf 89' lang='lat' dir='ltr'><strong>tumultu</strong></span> 
     </span>
     <span class='ocr_line' id='line_1_21' title="bbox 214 2098 1363 2184; baseline -0.001 -19"><span class='ocrx_word' id='word_1_160' title='bbox 214 2110 270 2166; x_wconf 91' lang='lat' dir='ltr'><strong>aut</strong></span> <span class='ocrx_word' id='word_1_161' title='bbox 290 2101 487 2162; x_wconf 89' lang='lat' dir='ltr'><strong>contumeliis</strong></span> <span class='ocrx_word' id='word_1_162' title='bbox 506 2100 559 2160; x_wconf 92' lang='lat' dir='ltr'><strong>vel</strong></span> <span class='ocrx_word' id='word_1_163' title='bbox 580 2100 693 2162; x_wconf 89' lang='lat' dir='ltr'><strong>risibus</strong></span> <span class='ocrx_word' id='word_1_164' title='bbox 712 2098 876 2162; x_wconf 86' lang='lat' dir='ltr'><strong>concilium</strong></span> <span class='ocrx_word' id='word_1_165' title='bbox 896 2100 1141 2184; x_wconf 83' lang='lat' dir='ltr'><strong>perturbaverit,</strong></span> <span class='ocrx_word' id='word_1_166' title='bbox 1164 2099 1260 2182; x_wconf 83' lang='lat' dir='ltr'><strong>juxta</strong></span> <span class='ocrx_word' id='word_1_167' title='bbox 1280 2102 1363 2164; x_wconf 87' lang='lat' dir='ltr'><strong>divi-</strong></span> 
     </span>
     <span class='ocr_line' id='line_1_22' title="bbox 215 2184 1360 2268; baseline -0.002 -18"><span class='ocrx_word' id='word_1_168' title='bbox 215 2205 276 2250; x_wconf 86' lang='lat' dir='ltr'><strong>nae</strong></span> <span class='ocrx_word' id='word_1_169' title='bbox 295 2185 379 2268; x_wconf 87' lang='lat' dir='ltr'><strong>legis</strong></span> <span class='ocrx_word' id='word_1_170' title='bbox 399 2184 552 2264; x_wconf 89' lang='lat' dir='ltr'><strong>edietum,</strong></span> <span class='ocrx_word' id='word_1_171' title='bbox 575 2203 637 2266; x_wconf 90' lang='lat' dir='ltr'><strong>quo</strong></span> <span class='ocrx_word' id='word_1_172' title='bbox 656 2184 863 2264; x_wconf 88' lang='lat' dir='ltr'><strong>praecipitur:</strong></span> <span class='ocrx_word' id='word_1_173' title='bbox 898 2185 994 2266; x_wconf 65' lang='lat' dir='ltr'><strong>db&#39;ioe</strong></span> <span class='ocrx_word' id='word_1_174' title='bbox 1012 2187 1185 2250; x_wconf 61' lang='lat' dir='ltr'><strong>demererer</strong></span> <span class='ocrx_word' id='word_1_175' title='bbox 1206 2193 1241 2249; x_wconf 85' lang='lat' dir='ltr'><strong>ct</strong></span> <span class='ocrx_word' id='word_1_176' title='bbox 1262 2187 1360 2249; x_wconf 74' lang='lat' dir='ltr'><strong>certic</strong></span> 
     </span>
     <span class='ocr_line' id='line_1_23' title="bbox 215 2267 1354 2354; baseline -0.001 -19"><span class='ocrx_word' id='word_1_177' title='bbox 215 2291 285 2335; x_wconf 84' lang='lat' dir='ltr'><strong>com</strong></span> <span class='ocrx_word' id='word_1_178' title='bbox 318 2290 355 2334; x_wconf 87' lang='lat' dir='ltr'><strong>eo</strong></span> <span class='ocrx_word' id='word_1_179' title='bbox 375 2267 611 2354; x_wconf 74' lang='lat' dir='ltr'><strong>jorgiom¹⁶J3</strong></span> <span class='ocrx_word' id='word_1_180' title='bbox 646 2277 776 2333; x_wconf 89' lang='lat' dir='ltr'><strong>etcum</strong></span> <span class='ocrx_word' id='word_1_181' title='bbox 803 2270 885 2332; x_wconf 87' lang='lat' dir='ltr'><strong>omni</strong></span> <span class='ocrx_word' id='word_1_182' title='bbox 912 2271 1104 2334; x_wconf 82' lang='lat' dir='ltr'><strong>condrsionis</strong></span> <span class='ocrx_word' id='word_1_183' title='bbox 1130 2269 1284 2335; x_wconf 88' lang='lat' dir='ltr'><strong>dedecore</strong></span> <span class='ocrx_word' id='word_1_184' title='bbox 1298 2269 1354 2348; x_wconf 69' lang='grc' dir='ltr'><strong>Η]</strong></span> 
     </span>
     <span class='ocr_line' id='line_1_24' title="bbox 213 2355 1355 2424; baseline -0.001 -4"><span class='ocrx_word' id='word_1_185' title='bbox 213 2359 393 2421; x_wconf 87' lang='lat' dir='ltr'><strong>abstractus</strong></span> <span class='ocrx_word' id='word_1_186' title='bbox 414 2376 434 2419; x_wconf 90' lang='lat' dir='ltr'><strong>a</strong></span> <span class='ocrx_word' id='word_1_187' title='bbox 454 2357 609 2420; x_wconf 89' lang='lat' dir='ltr'><strong>communi</strong></span> <span class='ocrx_word' id='word_1_188' title='bbox 629 2363 726 2418; x_wconf 89' lang='lat' dir='ltr'><strong>coetu</strong></span> <span class='ocrx_word' id='word_1_189' title='bbox 744 2355 878 2424; x_wconf 84' lang='lat' dir='ltr'><strong>secedat</strong></span> <span class='ocrx_word' id='word_1_190' title='bbox 903 2364 937 2420; x_wconf 90' lang='lat' dir='ltr'><strong>et</strong></span> <span class='ocrx_word' id='word_1_191' title='bbox 966 2357 1058 2423; x_wconf 87' lang='lat' dir='ltr'><strong>trium</strong></span> <span class='ocrx_word' id='word_1_192' title='bbox 1084 2356 1205 2422; x_wconf 83' lang='lat' dir='ltr'><strong>dierom</strong></span> <span class='ocrx_word' id='word_1_193' title='bbox 1231 2373 1355 2422; x_wconf 78' lang='lat' dir='ltr'><strong>exeom-</strong></span> 
     </span>
     <span class='ocr_line' id='line_1_25' title="bbox 213 2441 804 2525; baseline -0.007 -17"><span class='ocrx_word' id='word_1_194' title='bbox 213 2443 431 2513; x_wconf 84' lang='lat' dir='ltr'><strong>municatiouis</strong></span> <span class='ocrx_word' id='word_1_195' title='bbox 448 2441 640 2510; x_wconf 85' lang='lat' dir='ltr'><strong>seutentiam</strong></span> <span class='ocrx_word' id='word_1_196' title='bbox 659 2441 804 2525; x_wconf 85' lang='lat' dir='ltr'><strong>perierat.</strong></span> 
     </span>
    </p>

    <p class='ocr_par' dir='ltr' id='par_1_4' title="bbox 211 2613 1368 3981">
     <span class='ocr_line' id='line_1_26' title="bbox 297 2613 1361 2698; baseline -0.005 -18"><span class='ocrx_word' id='word_1_197' title='bbox 297 2613 457 2695; x_wconf 79' lang='lat' dir='ltr'><strong>Quantum</strong></span> <span class='ocrx_word' id='word_1_198' title='bbox 490 2617 561 2698; x_wconf 87' lang='lat' dir='ltr'><strong>quis</strong></span> <span class='ocrx_word' id='word_1_199' title='bbox 586 2615 741 2698; x_wconf 87' lang='lat' dir='ltr'><strong>praecelsi</strong></span> <span class='ocrx_word' id='word_1_200' title='bbox 766 2615 908 2678; x_wconf 87' lang='lat' dir='ltr'><strong>culminis</strong></span> <span class='ocrx_word' id='word_1_201' title='bbox 936 2613 1059 2676; x_wconf 90' lang='lat' dir='ltr'><strong>obtinet</strong></span> <span class='ocrx_word' id='word_1_202' title='bbox 1084 2613 1207 2695; x_wconf 89' lang='lat' dir='ltr'><strong>locum,</strong></span> <span class='ocrx_word' id='word_1_203' title='bbox 1239 2620 1361 2678; x_wconf 87' lang='lat' dir='ltr'><strong>tantum</strong></span> 
     </span>
     <span class='ocr_line' id='line_1_27' title="bbox 213 2696 1361 2783; baseline -0.003 -19"><span class='ocrx_word' id='word_1_204' title='bbox 213 2719 350 2764; x_wconf 88' lang='lat' dir='ltr'><strong>necesse</strong></span> <span class='ocrx_word' id='word_1_205' title='bbox 371 2710 424 2764; x_wconf 89' lang='lat' dir='ltr'><strong>est</strong></span> <span class='ocrx_word' id='word_1_206' title='bbox 442 2702 614 2783; x_wconf 86' lang='lat' dir='ltr'><strong>praecedat</strong></span> <span class='ocrx_word' id='word_1_207' title='bbox 630 2709 756 2764; x_wconf 87' lang='lat' dir='ltr'><strong>eeteros</strong></span> <span class='ocrx_word' id='word_1_208' title='bbox 775 2701 877 2783; x_wconf 88' lang='lat' dir='ltr'><strong>gratia</strong></span> <span class='ocrx_word' id='word_1_209' title='bbox 897 2701 1089 2780; x_wconf 90' lang='lat' dir='ltr'><strong>meritorum,</strong></span> <span class='ocrx_word' id='word_1_210' title='bbox 1110 2707 1146 2761; x_wconf 92' lang='lat' dir='ltr'><strong>ut</strong></span> <span class='ocrx_word' id='word_1_211' title='bbox 1164 2696 1197 2760; x_wconf 92' lang='lat' dir='ltr'><strong>in</strong></span> <span class='ocrx_word' id='word_1_212' title='bbox 1219 2698 1361 2782; x_wconf 79' lang='lat' dir='ltr'><strong>eoquod</strong></span> 
     </span>
     <span class='ocr_line' id='line_1_28' title="bbox 213 2785 1361 2870; baseline -0.001 -22"><span class='ocrx_word' id='word_1_213' title='bbox 213 2787 374 2867; x_wconf 89' lang='lat' dir='ltr'><strong>praesidet</strong></span> <span class='ocrx_word' id='word_1_214' title='bbox 394 2787 527 2870; x_wconf 87' lang='lat' dir='ltr'><strong>singulis</strong></span> <span class='ocrx_word' id='word_1_215' title='bbox 546 2787 743 2870; x_wconf 80' lang='lat' dir='ltr'><strong>singulariter</strong></span> <span class='ocrx_word' id='word_1_216' title='bbox 763 2793 888 2847; x_wconf 87' lang='lat' dir='ltr'><strong>ornetur</strong></span> <span class='ocrx_word' id='word_1_217' title='bbox 908 2785 1075 2848; x_wconf 88' lang='lat' dir='ltr'><strong>eminentia</strong></span> <span class='ocrx_word' id='word_1_218' title='bbox 1095 2785 1288 2867; x_wconf 84' lang='lat' dir='ltr'><strong>sanctitatis,</strong></span> <span class='ocrx_word' id='word_1_219' title='bbox 1300 2786 1361 2847; x_wconf 88' lang='lat' dir='ltr'><strong>ha-</strong></span> 
     </span>
     <span class='ocr_line' id='line_1_29' title="bbox 213 2869 1360 2954; baseline -0.003 -18"><span class='ocrx_word' id='word_1_220' title='bbox 213 2873 295 2936; x_wconf 84' lang='lat' dir='ltr'><strong>bens</strong></span> <span class='ocrx_word' id='word_1_221' title='bbox 322 2891 449 2952; x_wconf 87' lang='lat' dir='ltr'><strong>semper</strong></span> <span class='ocrx_word' id='word_1_222' title='bbox 476 2881 511 2934; x_wconf 89' lang='lat' dir='ltr'><strong>et</strong></span> <span class='ocrx_word' id='word_1_223' title='bbox 537 2873 570 2933; x_wconf 91' lang='lat' dir='ltr'><strong>in</strong></span> <span class='ocrx_word' id='word_1_224' title='bbox 597 2891 650 2933; x_wconf 88' lang='lat' dir='ltr'><strong>ore</strong></span> <span class='ocrx_word' id='word_1_225' title='bbox 671 2871 809 2954; x_wconf 86' lang='lat' dir='ltr'><strong>gladium</strong></span> <span class='ocrx_word' id='word_1_226' title='bbox 828 2871 973 2932; x_wconf 88' lang='lat' dir='ltr'><strong>veritatis</strong></span> <span class='ocrx_word' id='word_1_227' title='bbox 993 2879 1026 2931; x_wconf 92' lang='lat' dir='ltr'><strong>et</strong></span> <span class='ocrx_word' id='word_1_228' title='bbox 1047 2871 1078 2930; x_wconf 91' lang='lat' dir='ltr'><strong>in</strong></span> <span class='ocrx_word' id='word_1_229' title='bbox 1099 2889 1194 2950; x_wconf 90' lang='lat' dir='ltr'><strong>opere</strong></span> <span class='ocrx_word' id='word_1_230' title='bbox 1216 2869 1360 2933; x_wconf 90' lang='lat' dir='ltr'><strong>efficien-</strong></span> 
     </span>
     <span class='ocr_line' id='line_1_30' title="bbox 213 2953 1360 3038; baseline -0.003 -17"><span class='ocrx_word' id='word_1_231' title='bbox 213 2959 290 3021; x_wconf 88' lang='lat' dir='ltr'><strong>tiam</strong></span> <span class='ocrx_word' id='word_1_232' title='bbox 309 2958 442 3038; x_wconf 89' lang='lat' dir='ltr'><strong>luminis,</strong></span> <span class='ocrx_word' id='word_1_233' title='bbox 463 2961 501 3018; x_wconf 81' lang='lat' dir='ltr'><strong>nt</strong></span> <span class='ocrx_word' id='word_1_234' title='bbox 517 2953 610 3038; x_wconf 88' lang='lat' dir='ltr'><strong>juxta</strong></span> <span class='ocrx_word' id='word_1_235' title='bbox 622 2957 754 3019; x_wconf 91' lang='lat' dir='ltr'><strong>Paulum</strong></span> <span class='ocrx_word' id='word_1_236' title='bbox 769 2962 886 3038; x_wconf 78' lang='lat' dir='ltr'><strong>potares</strong></span> <span class='ocrx_word' id='word_1_237' title='bbox 907 2958 953 3017; x_wconf 81' lang='lat' dir='ltr'><strong>eit</strong></span> <span class='ocrx_word' id='word_1_238' title='bbox 973 2955 1137 3016; x_wconf 78' lang='lat' dir='ltr'><strong>ecborton&#39;</strong></span> <span class='ocrx_word' id='word_1_239' title='bbox 1156 2956 1193 3016; x_wconf 79' lang='lat' dir='ltr'><strong>ira</strong></span> <span class='ocrx_word' id='word_1_240' title='bbox 1213 2955 1360 3018; x_wconf 81' lang='lat' dir='ltr'><strong>doctrino</strong></span> 
     </span>
     <span class='ocr_line' id='line_1_31' title="bbox 213 3039 1362 3121; baseline -0.003 -16"><span class='ocrx_word' id='word_1_241' title='bbox 213 3063 296 3110; x_wconf 83' lang='lat' dir='ltr'><strong>euno</strong></span> <span class='ocrx_word' id='word_1_242' title='bbox 316 3049 350 3106; x_wconf 75' lang='lat' dir='ltr'><strong>ct</strong></span> <span class='ocrx_word' id='word_1_243' title='bbox 371 3042 624 3106; x_wconf 80' lang='lat' dir='ltr'><strong>contradicentes</strong></span> <span class='ocrx_word' id='word_1_244' title='bbox 644 3039 879 3119; x_wconf 57' lang='lat' dir='ltr'><strong>rectumst).</strong></span> <span class='ocrx_word' id='word_1_245' title='bbox 918 3039 989 3102; x_wconf 91' lang='lat' dir='ltr'><strong>Nos</strong></span> <span class='ocrx_word' id='word_1_246' title='bbox 1008 3039 1137 3121; x_wconf 93' lang='lat' dir='ltr'><strong>proinde</strong></span> <span class='ocrx_word' id='word_1_247' title='bbox 1157 3041 1256 3102; x_wconf 89' lang='lat' dir='ltr'><strong>nostri</strong></span> <span class='ocrx_word' id='word_1_248' title='bbox 1277 3040 1362 3102; x_wconf 93' lang='lat' dir='ltr'><strong>ordi-</strong></span> 
     </span>
     <span class='ocr_line' id='line_1_32' title="bbox 213 3124 1361 3211; baseline -0.003 -19"><span class='ocrx_word' id='word_1_249' title='bbox 213 3130 264 3192; x_wconf 87' lang='lat' dir='ltr'><strong>nis</strong></span> <span class='ocrx_word' id='word_1_250' title='bbox 293 3127 424 3211; x_wconf 85' lang='lat' dir='ltr'><strong>gradem</strong></span> <span class='ocrx_word' id='word_1_251' title='bbox 443 3126 497 3188; x_wconf 89' lang='lat' dir='ltr'><strong>vel</strong></span> <span class='ocrx_word' id='word_1_252' title='bbox 524 3127 667 3207; x_wconf 85' lang='lat' dir='ltr'><strong>suscepti</strong></span> <span class='ocrx_word' id='word_1_253' title='bbox 687 3124 846 3210; x_wconf 87' lang='lat' dir='ltr'><strong>regiminis</strong></span> <span class='ocrx_word' id='word_1_254' title='bbox 865 3124 990 3187; x_wconf 90' lang='lat' dir='ltr'><strong>modum</strong></span> <span class='ocrx_word' id='word_1_255' title='bbox 1009 3143 1198 3210; x_wconf 84' lang='lat' dir='ltr'><strong>magnopere</strong></span> <span class='ocrx_word' id='word_1_256' title='bbox 1219 3127 1361 3209; x_wconf 83' lang='lat' dir='ltr'><strong>cogitare</strong></span> 
     </span>
     <span class='ocr_line' id='line_1_33' title="bbox 215 3209 1361 3294; baseline -0.003 -17"><span class='ocrx_word' id='word_1_257' title='bbox 215 3213 377 3294; x_wconf 86' lang='lat' dir='ltr'><strong>debemus,</strong></span> <span class='ocrx_word' id='word_1_258' title='bbox 398 3213 504 3294; x_wconf 89' lang='lat' dir='ltr'><strong>utqui</strong></span> <span class='ocrx_word' id='word_1_259' title='bbox 524 3211 660 3276; x_wconf 85' lang='lat' dir='ltr'><strong>officium</strong></span> <span class='ocrx_word' id='word_1_260' title='bbox 680 3211 920 3294; x_wconf 87' lang='lat' dir='ltr'><strong>praedicationis</strong></span> <span class='ocrx_word' id='word_1_261' title='bbox 939 3213 1147 3292; x_wconf 90' lang='lat' dir='ltr'><strong>suscepimus,</strong></span> <span class='ocrx_word' id='word_1_262' title='bbox 1167 3209 1261 3272; x_wconf 87' lang='lat' dir='ltr'><strong>nullis</strong></span> <span class='ocrx_word' id='word_1_263' title='bbox 1279 3212 1361 3274; x_wconf 88' lang='lat' dir='ltr'><strong>euris</strong></span> 
     </span>
     <span class='ocr_line' id='line_1_34' title="bbox 214 3296 1361 3378; baseline -0.003 -16"><span class='ocrx_word' id='word_1_264' title='bbox 214 3319 235 3362; x_wconf 88' lang='lat' dir='ltr'><strong>a</strong></span> <span class='ocrx_word' id='word_1_265' title='bbox 263 3297 370 3362; x_wconf 91' lang='lat' dir='ltr'><strong>divina</strong></span> <span class='ocrx_word' id='word_1_266' title='bbox 395 3299 532 3362; x_wconf 90' lang='lat' dir='ltr'><strong>lectione</strong></span> <span class='ocrx_word' id='word_1_267' title='bbox 557 3300 722 3378; x_wconf 87' lang='lat' dir='ltr'><strong>privemur.</strong></span> <span class='ocrx_word' id='word_1_268' title='bbox 765 3298 849 3360; x_wconf 89' lang='lat' dir='ltr'><strong>Nam</strong></span> <span class='ocrx_word' id='word_1_269' title='bbox 869 3296 1068 3378; x_wconf 85' lang='lat' dir='ltr'><strong>quorumdam</strong></span> <span class='ocrx_word' id='word_1_270' title='bbox 1088 3304 1212 3358; x_wconf 90' lang='lat' dir='ltr'><strong>mentes</strong></span> <span class='ocrx_word' id='word_1_271' title='bbox 1233 3296 1361 3377; x_wconf 88' lang='lat' dir='ltr'><strong>pontili-</strong></span> 
     </span>
     <span class='ocr_line' id='line_1_35' title="bbox 213 3380 1359 3466; baseline -0.003 -18"><span class='ocrx_word' id='word_1_272' title='bbox 213 3401 286 3448; x_wconf 87' lang='lat' dir='ltr'><strong>cum</strong></span> <span class='ocrx_word' id='word_1_273' title='bbox 307 3387 353 3446; x_wconf 84' lang='lat' dir='ltr'><strong>ita</strong></span> <span class='ocrx_word' id='word_1_274' title='bbox 377 3385 508 3464; x_wconf 88' lang='lat' dir='ltr'><strong>torporis</strong></span> <span class='ocrx_word' id='word_1_275' title='bbox 521 3384 575 3463; x_wconf 81' lang='lat'><strong>¹⁰)</strong></span> <span class='ocrx_word' id='word_1_276' title='bbox 597 3385 662 3446; x_wconf 93' lang='lat' dir='ltr'><strong>otio</strong></span> <span class='ocrx_word' id='word_1_277' title='bbox 683 3383 867 3446; x_wconf 86' lang='lat' dir='ltr'><strong>electionis</strong></span> <span class='ocrx_word' id='word_1_278' title='bbox 887 3383 989 3466; x_wconf 88' lang='lat' dir='ltr'><strong>gratia</strong></span> <span class='ocrx_word' id='word_1_279' title='bbox 1009 3380 1219 3462; x_wconf 88' lang='lat' dir='ltr'><strong>secluduntur,</strong></span> <span class='ocrx_word' id='word_1_280' title='bbox 1237 3381 1359 3463; x_wconf 89' lang='lat' dir='ltr'><strong>utquid</strong></span> 
     </span>
     <span class='ocr_line' id='line_1_36' title="bbox 214 3467 1358 3552; baseline -0.004 -19"><span class='ocrx_word' id='word_1_281' title='bbox 214 3469 376 3534; x_wconf 87' lang='lat' dir='ltr'><strong>doctrinae</strong></span> <span class='ocrx_word' id='word_1_282' title='bbox 396 3468 529 3531; x_wconf 89' lang='lat' dir='ltr'><strong>subditis</strong></span> <span class='ocrx_word' id='word_1_283' title='bbox 550 3470 698 3532; x_wconf 87' lang='lat' dir='ltr'><strong>exhibeat</strong></span> <span class='ocrx_word' id='word_1_284' title='bbox 718 3469 886 3552; x_wconf 83' lang='lat' dir='ltr'><strong>gregibus,</strong></span> <span class='ocrx_word' id='word_1_285' title='bbox 911 3483 974 3528; x_wconf 90' lang='lat' dir='ltr'><strong>uon</strong></span> <span class='ocrx_word' id='word_1_286' title='bbox 993 3467 1133 3528; x_wconf 86' lang='lat' dir='ltr'><strong>inveniat</strong></span> <span class='ocrx_word' id='word_1_287' title='bbox 1152 3484 1269 3547; x_wconf 89' lang='lat' dir='ltr'><strong>praeeo</strong></span> <span class='ocrx_word' id='word_1_288' title='bbox 1288 3486 1358 3529; x_wconf 92' lang='lat' dir='ltr'><strong>mu-</strong></span> 
     </span>
     <span class='ocr_line' id='line_1_37' title="bbox 213 3550 1368 3641; baseline -0.006 -21"><span class='ocrx_word' id='word_1_289' title='bbox 213 3564 278 3620; x_wconf 87' lang='lat' dir='ltr'><strong>tus.</strong></span> <span class='ocrx_word' id='word_1_290' title='bbox 328 3553 540 3618; x_wconf 88' lang='lat' dir='ltr'><strong>lrrsistendum</strong></span> <span class='ocrx_word' id='word_1_291' title='bbox 566 3573 644 3635; x_wconf 87' lang='lat' dir='ltr'><strong>ergo</strong></span> <span class='ocrx_word' id='word_1_292' title='bbox 670 3571 795 3634; x_wconf 80' lang='lat' dir='ltr'><strong>semper</strong></span> <span class='ocrx_word' id='word_1_293' title='bbox 821 3553 880 3614; x_wconf 91' lang='lat' dir='ltr'><strong>erit</strong></span> <span class='ocrx_word' id='word_1_294' title='bbox 909 3550 1095 3632; x_wconf 86' lang='lat' dir='ltr'><strong>majoribus,</strong></span> <span class='ocrx_word' id='word_1_295' title='bbox 1122 3559 1160 3613; x_wconf 90' lang='lat' dir='ltr'><strong>ut</strong></span> <span class='ocrx_word' id='word_1_296' title='bbox 1186 3569 1267 3633; x_wconf 87' lang='lat' dir='ltr'><strong>qnos</strong></span> <span class='ocrx_word' id='word_1_297' title='bbox 1299 3552 1368 3641; x_wconf 55' lang='lat' dir='ltr'><strong>aab,¹</strong></span> 
     </span>
     <span class='ocr_line' id='line_1_38' title="bbox 211 3631 1355 3725; baseline -0.007 -19"><span class='ocrx_word' id='word_1_298' title='bbox 211 3639 373 3725; x_wconf 81' lang='lat' dir='ltr'><strong>regiminis</strong></span> <span class='ocrx_word' id='word_1_299' title='bbox 401 3639 451 3702; x_wconf 89' lang='lat' dir='ltr'><strong>sui</strong></span> <span class='ocrx_word' id='word_1_300' title='bbox 479 3657 556 3701; x_wconf 87' lang='lat' dir='ltr'><strong>eura</strong></span> <span class='ocrx_word' id='word_1_301' title='bbox 580 3646 707 3700; x_wconf 92' lang='lat' dir='ltr'><strong>tuentur</strong></span> <span class='ocrx_word' id='word_1_302' title='bbox 731 3639 814 3700; x_wconf 79' lang='lat' dir='ltr'><strong>fame</strong></span> <span class='ocrx_word' id='word_1_303' title='bbox 841 3636 893 3700; x_wconf 90' lang='lat' dir='ltr'><strong>dei</strong></span> <span class='ocrx_word' id='word_1_304' title='bbox 919 3635 1007 3698; x_wconf 88' lang='lat' dir='ltr'><strong>verbi</strong></span> <span class='ocrx_word' id='word_1_305' title='bbox 1032 3637 1133 3718; x_wconf 88' lang='lat' dir='ltr'><strong>perire</strong></span> <span class='ocrx_word' id='word_1_306' title='bbox 1158 3655 1222 3698; x_wconf 90' lang='lat' dir='ltr'><strong>non</strong></span> <span class='ocrx_word' id='word_1_307' title='bbox 1247 3631 1355 3698; x_wconf 78' lang='lat' dir='ltr'><strong>amant&#39;</strong></span> 
     </span>
     <span class='ocr_line' id='line_1_39' title="bbox 212 3721 1353 3807; baseline -0.009 -16"><span class='ocrx_word' id='word_1_308' title='bbox 212 3727 270 3792; x_wconf 79' lang='lat' dir='ltr'><strong>Sic</strong></span> <span class='ocrx_word' id='word_1_309' title='bbox 298 3725 544 3807; x_wconf 88' lang='lat' dir='ltr'><strong>metropolitanis</strong></span> <span class='ocrx_word' id='word_1_310' title='bbox 570 3722 602 3788; x_wconf 88' lang='lat' dir='ltr'><strong>in</strong></span> <span class='ocrx_word' id='word_1_311' title='bbox 622 3723 830 3787; x_wconf 85' lang='lat' dir='ltr'><strong>confinitimos</strong></span> <span class='ocrx_word' id='word_1_312' title='bbox 850 3731 1038 3803; x_wconf 83' lang='lat' dir='ltr'><strong>ceterosque</strong></span> <span class='ocrx_word' id='word_1_313' title='bbox 1057 3721 1286 3790; x_wconf 85' lang='lat' dir='ltr'><strong>ecclesiasticis</strong></span> <span class='ocrx_word' id='word_1_314' title='bbox 1304 3739 1353 3782; x_wconf 83' lang='grc' dir='ltr'><strong>οι-</strong></span> 
     </span>
     <span class='ocr_line' id='line_1_40' title="bbox 212 3806 1349 3893; baseline -0.011 -17"><span class='ocrx_word' id='word_1_315' title='bbox 212 3813 336 3876; x_wconf 91' lang='lat' dir='ltr'><strong>dinibus</strong></span> <span class='ocrx_word' id='word_1_316' title='bbox 356 3811 497 3893; x_wconf 90' lang='lat' dir='ltr'><strong>deditos,</strong></span> <span class='ocrx_word' id='word_1_317' title='bbox 525 3809 574 3872; x_wconf 90' lang='lat' dir='ltr'><strong>sio</strong></span> <span class='ocrx_word' id='word_1_318' title='bbox 595 3809 792 3874; x_wconf 85' lang='lat' dir='ltr'><strong>confinitimis</strong></span> <span class='ocrx_word' id='word_1_319' title='bbox 812 3809 845 3868; x_wconf 94' lang='lat' dir='ltr'><strong>in</strong></span> <span class='ocrx_word' id='word_1_320' title='bbox 864 3808 1032 3870; x_wconf 86' lang='lat' dir='ltr'><strong>commisso</strong></span> <span class='ocrx_word' id='word_1_321' title='bbox 1060 3807 1120 3870; x_wconf 90' lang='lat' dir='ltr'><strong>sibi</strong></span> <span class='ocrx_word' id='word_1_322' title='bbox 1146 3806 1349 3890; x_wconf 86' lang='lat' dir='ltr'><strong>religiosorum</strong></span> 
     </span>
     <span class='ocr_line' id='line_1_41' title="bbox 214 3889 1355 3981; baseline -0.009 -19"><span class='ocrx_word' id='word_1_323' title='bbox 214 3916 341 3962; x_wconf 89' lang='lat' dir='ltr'><strong>numero</strong></span> <span class='ocrx_word' id='word_1_324' title='bbox 361 3896 553 3981; x_wconf 82' lang='lat' dir='ltr'><strong>vigilandum</strong></span> <span class='ocrx_word' id='word_1_325' title='bbox 574 3904 636 3978; x_wconf 88' lang='lat' dir='ltr'><strong>est,</strong></span> <span class='ocrx_word' id='word_1_326' title='bbox 657 3895 790 3981; x_wconf 88' lang='lat' dir='ltr'><strong>qualiter</strong></span> <span class='ocrx_word' id='word_1_327' title='bbox 809 3893 984 3958; x_wconf 89' lang='lat' dir='ltr'><strong>nescientia</strong></span> <span class='ocrx_word' id='word_1_328' title='bbox 1003 3893 1110 3957; x_wconf 88' lang='lat' dir='ltr'><strong>talium</strong></span> <span class='ocrx_word' id='word_1_329' title='bbox 1131 3891 1258 3956; x_wconf 85' lang='lat' dir='ltr'><strong>divinae</strong></span> <span class='ocrx_word' id='word_1_330' title='bbox 1273 3889 1355 3975; x_wconf 82' lang='lat' dir='ltr'><strong>legis</strong></span> 
     </span>
    </p>
   </div>
   <div class='ocr_carea' id='block_1_3' title="bbox 221 4107 1357 4673">
    <p class='ocr_par' dir='ltr' id='par_1_5' title="bbox 248 4107 1357 4186">
     <span class='ocr_line' id='line_1_42' title="bbox 248 4107 1357 4186; baseline 0 -21"><span class='ocrx_word' id='word_1_331' title='bbox 248 4114 278 4184; x_wconf 79' lang='lat' dir='ltr'><strong>t)</strong></span> <span class='ocrx_word' id='word_1_332' title='bbox 294 4115 367 4184; x_wconf 62' lang='grc' dir='ltr'>οιῇιιε</span> <span class='ocrx_word' id='word_1_333' title='bbox 382 4125 470 4170; x_wconf 74' lang='lat' dir='ltr'><strong>emmo</strong></span> <span class='ocrx_word' id='word_1_334' title='bbox 487 4133 579 4186; x_wconf 81' lang='lat' dir='ltr'><strong>acpore</strong></span> <span class='ocrx_word' id='word_1_335' title='bbox 595 4109 623 4168; x_wconf 88' lang='lat' dir='ltr'><strong>in</strong></span> <span class='ocrx_word' id='word_1_336' title='bbox 641 4125 676 4167; x_wconf 88' lang='lat' dir='ltr'><strong>m.</strong></span> <span class='ocrx_word' id='word_1_337' title='bbox 694 4107 732 4166; x_wconf 87' lang='lat' dir='ltr'><strong>M.</strong></span> <span class='ocrx_word' id='word_1_338' title='bbox 772 4141 808 4152; x_wconf 94' lang='grc'><strong>-</strong></span> <span class='ocrx_word' id='word_1_339' title='bbox 850 4109 880 4182; x_wconf 74' lang='lat'><strong>2)</strong></span> <span class='ocrx_word' id='word_1_340' title='bbox 897 4117 1015 4168; x_wconf 78' lang='lat' dir='ltr'><strong>rororrtea</strong></span> <span class='ocrx_word' id='word_1_341' title='bbox 1031 4109 1095 4167; x_wconf 88' lang='lat' dir='ltr'><strong>ibid.</strong></span> <span class='ocrx_word' id='word_1_342' title='bbox 1137 4139 1173 4152; x_wconf 91' lang='lat'><strong>-·</strong></span> <span class='ocrx_word' id='word_1_343' title='bbox 1216 4113 1246 4183; x_wconf 80' lang='lat'><strong>³)</strong></span> <span class='ocrx_word' id='word_1_344' title='bbox 1261 4113 1357 4165; x_wconf 58' lang='lat' dir='ltr'><strong>diem</strong></span> 
     </span>
    </p>

    <p class='ocr_par' dir='ltr' id='par_1_6' title="bbox 225 4183 1357 4464">
     <span class='ocr_line' id='line_1_43' title="bbox 280 4183 1357 4257; baseline 0 -21"><span class='ocrx_word' id='word_1_345' title='bbox 280 4187 362 4236; x_wconf 76' lang='lat' dir='ltr'><strong>nardo</strong></span> <span class='ocrx_word' id='word_1_346' title='bbox 379 4188 415 4240; x_wconf 93' lang='lat' dir='ltr'><strong>M.</strong></span> <span class='ocrx_word' id='word_1_347' title='bbox 454 4219 490 4229; x_wconf 91' lang='lat'>-</span> <span class='ocrx_word' id='word_1_348' title='bbox 534 4189 564 4257; x_wconf 71' lang='lat'><strong>4)</strong></span> <span class='ocrx_word' id='word_1_349' title='bbox 581 4185 667 4238; x_wconf 79' lang='lat' dir='ltr'><strong>collos</strong></span> <span class='ocrx_word' id='word_1_350' title='bbox 683 4183 754 4235; x_wconf 83' lang='lat' dir='ltr'><strong>debet</strong></span> <span class='ocrx_word' id='word_1_351' title='bbox 771 4183 799 4235; x_wconf 91' lang='lat' dir='ltr'><strong>in</strong></span> <span class='ocrx_word' id='word_1_352' title='bbox 816 4199 852 4235; x_wconf 91' lang='lat' dir='ltr'><strong>m.</strong></span> <span class='ocrx_word' id='word_1_353' title='bbox 868 4185 906 4238; x_wconf 89' lang='lat' dir='ltr'><strong>M.</strong></span> <span class='ocrx_word' id='word_1_354' title='bbox 944 4213 981 4224; x_wconf 92' lang='lat'>—</span> <span class='ocrx_word' id='word_1_355' title='bbox 1028 4184 1057 4253; x_wconf 68' lang='grc' dir='ltr'><strong>ὅ)</strong></span> <span class='ocrx_word' id='word_1_356' title='bbox 1074 4191 1235 4251; x_wconf 75' lang='lat' dir='ltr'><strong>perstrepere</strong></span> <span class='ocrx_word' id='word_1_357' title='bbox 1250 4183 1288 4236; x_wconf 90' lang='grc' dir='ltr'><strong>Μ.</strong></span> <span class='ocrx_word' id='word_1_358' title='bbox 1322 4209 1357 4222; x_wconf 88' lang='grc'><strong>-·-</strong></span> 
     </span>
     <span class='ocr_line' id='line_1_44' title="bbox 245 4251 1356 4391; baseline -0.003 -15"><span class='ocrx_word' id='word_1_359' title='bbox 245 4251 275 4366; x_wconf 75' lang='grc' dir='ltr'>ι</span> <span class='ocrx_word' id='word_1_360' title='bbox 453 4273 901 4388; x_wconf 79' lang='lat'><strong>.</strong></span> <span class='ocrx_word' id='word_1_361' title='bbox 919 4275 975 4379; x_wconf 65' lang='lat' dir='ltr'><strong>r.</strong></span> <span class='ocrx_word' id='word_1_362' title='bbox 1000 4251 1356 4391; x_wconf 52' lang='lat' dir='ltr'><strong>&#39;uerna-a:</strong></span> 
     </span>
     <span class='ocr_line' id='line_1_45' title="bbox 225 4326 1356 4464; baseline -0.004 -16"><span class='ocrx_word' id='word_1_363' title='bbox 225 4326 275 4464; x_wconf 59' lang='lat' dir='ltr'><strong>nd</strong></span> <span class='ocrx_word' id='word_1_364' title='bbox 292 4343 474 4463; x_wconf 57' lang='lat' dir='ltr'><strong>reda&#39;d’r.</strong></span> <span class='ocrx_word' id='word_1_365' title='bbox 508 4423 544 4436; x_wconf 79' lang='lat'><em>-</em></span> <span class='ocrx_word' id='word_1_366' title='bbox 567 4343 632 4462; x_wconf 70' lang='grc' dir='ltr'><strong>ιιἰ)</strong></span> <span class='ocrx_word' id='word_1_367' title='bbox 650 4355 915 4446; x_wconf 53' lang='lat' dir='ltr'><strong>testamenii!</strong></span> <span class='ocrx_word' id='word_1_368' title='bbox 937 4361 983 4435; x_wconf 81' lang='lat'><strong>-‘</strong></span> <span class='ocrx_word' id='word_1_369' title='bbox 1018 4393 1071 4462; x_wconf 73' lang='grc' dir='ltr'><strong>ιε)</strong></span> <span class='ocrx_word' id='word_1_370' title='bbox 1085 4357 1311 4462; x_wconf 57' lang='lat' dir='ltr'><strong>amramitis</strong></span> <span class='ocrx_word' id='word_1_371' title='bbox 1327 4391 1356 4444; x_wconf 74' lang='lat' dir='ltr'><strong>re</strong></span> 
     </span>
    </p>

    <p class='ocr_par' dir='ltr' id='par_1_7' title="bbox 221 4461 1354 4673">
     <span class='ocr_line' id='line_1_46' title="bbox 278 4461 1354 4532; baseline -0.002 -16"><span class='ocrx_word' id='word_1_372' title='bbox 278 4481 312 4517; x_wconf 91' lang='lat' dir='ltr'><strong>m.</strong></span> <span class='ocrx_word' id='word_1_373' title='bbox 329 4467 367 4519; x_wconf 88' lang='lat' dir='ltr'><strong>M.</strong></span> <span class='ocrx_word' id='word_1_374' title='bbox 411 4493 446 4506; x_wconf 86' lang='lat'>-</span> <span class='ocrx_word' id='word_1_375' title='bbox 496 4464 657 4532; x_wconf 65' lang='lat' dir='ltr'><strong>1⁴)serreos</strong></span> <span class='ocrx_word' id='word_1_376' title='bbox 676 4464 832 4515; x_wconf 77' lang='lat' dir='ltr'><strong>malleatione</strong></span> <span class='ocrx_word' id='word_1_377' title='bbox 848 4463 913 4515; x_wconf 88' lang='lat' dir='ltr'><strong>ibid.</strong></span> <span class='ocrx_word' id='word_1_378' title='bbox 957 4489 993 4506; x_wconf 74' lang='grc'><strong>-</strong></span> <span class='ocrx_word' id='word_1_379' title='bbox 1026 4461 1205 4532; x_wconf 47' lang='lat' dir='ltr'><strong>majestate·</strong></span> <span class='ocrx_word' id='word_1_380' title='bbox 1222 4461 1286 4514; x_wconf 78' lang='lat' dir='ltr'><strong>ibid.</strong></span> <span class='ocrx_word' id='word_1_381' title='bbox 1318 4487 1354 4500; x_wconf 82' lang='lat'><strong>--</strong></span> 
     </span>
     <span class='ocr_line' id='line_1_47' title="bbox 223 4531 1353 4608; baseline -0.003 -21"><span class='ocrx_word' id='word_1_382' title='bbox 223 4533 273 4600; x_wconf 71' lang='grc' dir='ltr'><strong>Μ)</strong></span> <span class='ocrx_word' id='word_1_383' title='bbox 291 4536 417 4591; x_wconf 79' lang='lat' dir='ltr'><strong>Proverb.</strong></span> <span class='ocrx_word' id='word_1_384' title='bbox 438 4535 486 4598; x_wconf 80' lang='lat'><strong>22,</strong></span> <span class='ocrx_word' id='word_1_385' title='bbox 505 4533 550 4608; x_wconf 85' lang='lat'><strong>10.</strong></span> <span class='ocrx_word' id='word_1_386' title='bbox 581 4559 617 4574; x_wconf 86' lang='lat'><strong>--</strong></span> <span class='ocrx_word' id='word_1_387' title='bbox 660 4533 710 4600; x_wconf 72' lang='grc' dir='ltr'><strong>Η)</strong></span> <span class='ocrx_word' id='word_1_388' title='bbox 728 4531 796 4585; x_wconf 82' lang='lat' dir='ltr'><strong>corni</strong></span> <span class='ocrx_word' id='word_1_389' title='bbox 812 4534 930 4587; x_wconf 81' lang='lat' dir='ltr'><strong>dedecore</strong></span> <span class='ocrx_word' id='word_1_390' title='bbox 947 4534 979 4586; x_wconf 72' lang='lat' dir='ltr'><strong>&#39;dt</strong></span> <span class='ocrx_word' id='word_1_391' title='bbox 994 4533 1150 4600; x_wconf 58' lang='lat' dir='ltr'><strong>commone</strong></span> <span class='ocrx_word' id='word_1_392' title='bbox 1166 4531 1195 4585; x_wconf 85' lang='lat' dir='ltr'><strong>in</strong></span> <span class='ocrx_word' id='word_1_393' title='bbox 1213 4547 1248 4586; x_wconf 83' lang='lat' dir='ltr'><strong>nr.</strong></span> <span class='ocrx_word' id='word_1_394' title='bbox 1266 4531 1300 4584; x_wconf 88' lang='grc' dir='ltr'><strong>Μ.</strong></span> <span class='ocrx_word' id='word_1_395' title='bbox 1317 4557 1353 4572; x_wconf 89' lang='grc'><strong>-</strong></span> 
     </span>
     <span class='ocr_line' id='line_1_48' title="bbox 221 4594 1353 4673; baseline -0.005 -29"><span class='ocrx_word' id='word_1_396' title='bbox 221 4603 272 4670; x_wconf 85' lang='lat' dir='ltr'><strong>1s)</strong></span> <span class='ocrx_word' id='word_1_397' title='bbox 291 4607 345 4660; x_wconf 60' lang='lat' dir='ltr'><strong>Tit,</strong></span> <span class='ocrx_word' id='word_1_398' title='bbox 366 4607 438 4673; x_wconf 45' lang='lat'><strong>159¹</strong></span> <span class='ocrx_word' id='word_1_399' title='bbox 482 4594 803 4669; x_wconf 51' lang='lat' dir='ltr'><strong>*intormem</strong></span> <span class='ocrx_word' id='word_1_400' title='bbox 835 4629 873 4644; x_wconf 73' lang='lat'><strong>..-</strong></span> <span class='ocrx_word' id='word_1_401' title='bbox 930 4610 952 4642; x_wconf 70' lang='lat' dir='ltr'><strong>n·</strong></span> <span class='ocrx_word' id='word_1_402' title='bbox 1079 4629 1091 4645; x_wconf 66' lang='lat' dir='ltr'><strong>a</strong></span> <span class='ocrx_word' id='word_1_403' title='bbox 1133 4612 1157 4646; x_wconf 71' lang='grc' dir='ltr'><strong>ιι</strong></span> <span class='ocrx_word' id='word_1_404' title='bbox 1305 4607 1353 4653; x_wconf 60' lang='grc' dir='ltr'><strong>,ι</strong></span> 
     </span>
    </p>
   </div>
   <div class='ocr_carea' id='block_1_4' title="bbox 0 0 1444 5050">
    <p class='ocr_par' dir='ltr' id='par_1_8' title="bbox 0 0 1444 5050">
     <span class='ocr_line' id='line_1_49' title="bbox 0 0 1444 5050; baseline 0 1"><span class='ocrx_word' id='word_1_405' title='bbox 0 0 1444 5050; x_wconf 95' lang='lat' dir='ltr'><strong> </strong></span> 
     </span>
    </p>
   </div>
  </div>
 </body>
</html>
