2880 5050
198 263 266 334 384
456 265 697 335 contemtum
721 266 992 338 'ronnnANUor
1011 265 1096 333 xm.

199 439 369 526 plicatione
396 439 532 522 accipite
556 438 700 504 renotata
713 435 758 522 ¹).
777 461 782 473 ‘
804 437 882 504 illud
906 439 1036 522 primum
1055 433 1175 502 volenti
1195 436 1277 502 milri
1302 437 1375 502 mi-

201 529 282 592 seris
302 545 431 608 parcere
452 528 600 590 convenit
619 528 775 607 intimare,
801 527 884 610 quod
905 527 1060 589 divulsam
1080 545 1136 608 per
1156 525 1374 608 tyrannidem

202 613 301 674 nostri
322 613 459 694 corporis
480 621 599 693 partem
620 613 651 674 in
673 613 837 676 societatis
857 621 983 678 nostrae
1010 611 1128 696 gremio
1141 609 1176 690 ²)
1204 631 1373 674 conamur

201 693 368 762 reducere:
384 697 499 759 etenim
513 700 677 760 retroactis
693 699 786 762 divae
802 700 968 762 memoriae
982 698 1195 780 praecessoris
1207 697 1242 776 ³)
1256 699 1371 760 nostri

202 785 364 848 Wambac
382 782 417 863 ⁸)
445 784 532 865 regis
558 785 765 866 temporibus,
794 803 874 868 quac
904 785 935 846 in
956 783 1202 864 profanatoribus
1221 783 1367 864 patriae,

203 871 256 952 qui
269 868 302 948 ὅ)
332 887 402 932 cum
429 869 527 932 Paulo
559 869 693 950 quodam
713 869 907 952 tyrannidem
936 866 1238 950 assumpserunt),
1269 869 1366 932 illata

203 957 246 1018 sit
267 955 425 1017 sententia
445 953 612 1034 ultionum,
639 973 700 1035 quo
720 955 753 1033 7)
781 975 838 1036 per
863 954 972 1038 judicii
1000 954 1186 1016 universalis
1213 954 1364 1018 edictum

202 1041 319 1102 amisso
340 1039 521 1102 testimonio
540 1041 697 1121 rebusque
716 1041 847 1120 propriis
868 1047 1047 1122 caruerunt,
1073 1047 1187 1103 cuncta
1206 1037 1242 1118 ⁸)
1273 1041 1363 1104 lraec

201 1135 331 1188 vestrae
357 1125 559 1188 sanctitudini
585 1134 661 1187 nota
685 1135 774 1205 sune,
802 1135 1009 1207 questamen
1030 1127 1115 1187 etin
1137 1126 1277 1208 collegio
1299 1145 1363 1189 so-

203 1212 331 1276 cietatis
351 1220 479 1272 nostrae
498 1211 656 1294 recipere,
687 1219 721 1272 et
741 1211 850 1293 rebus,
876 1213 989 1294 quibus
1010 1213 1058 1274 fas
1079 1211 1187 1292 fuerit,
1216 1211 1360 1274 devovi-

203 1313 274 1360 mus
295 1297 447 1358 rcvestire
459 1296 511 1377 ο);
539 1313 611 1358 nam
631 1306 665 1358 et
686 1296 726 1358 de
747 1297 907 1360 accrrsatis
927 1297 1051 1360 modum
1070 1297 1216 1358 volomus
1237 1315 1359 1377 ponere

198 1380 396 1464 justissimae
415 1383 622 1464 inquisitionis
634 1381 698 1463 ¹⁰),
720 1383 802 1464 quod
815 1388 825 1424 ¹
837 1382 869 1462 ι)
891 1385 961 1445 sive
982 1381 1022 1445 de
1042 1383 1200 1465 religiosis
1221 1384 1288 1444 sive
1308 1383 1353 1444 de

203 1467 295 1530 laicis
330 1469 463 1550 quisque
504 1469 716 1532 accusationis
751 1467 934 1550 cujusquam
953 1468 1014 1549 ¹²)
1052 1468 1156 1530 studio
1172 1465 1233 1556 ΙΝ)
1263 1485 1345 1547 pro-

201 1556 348 1637 pulsatus
376 1573 439 1616 non
475 1555 610 1616 occultis
647 1553 806 1616 fraudibus
841 1556 893 1615 vel
932 1553 1090 1616 violentiis
1126 1554 1348 1633 comprimatur,

203 1655 265 1703 nec
284 1639 338 1717 ¹⁴)
366 1639 407 1701 ad
435 1639 568 1702 dandam
595 1641 821 1721 prefessionem
852 1641 1007 1702 violenter
1031 1647 1169 1702 arctetur
1187 1639 1264 1719 ¹⁵),
1294 1637 1353 1700 sed
1424 1685 1425 1714 ,

202 1726 236 1788 in
257 1727 411 1788 communi
430 1726 565 1788 omnium
587 1727 732 1788 examine
747 1725 919 1806 judicetur,
948 1727 1000 1806 qui
1016 1725 1071 1803 1⁸)
1098 1724 1272 1786 secundum
1293 1743 1357 1804 pn·
1424 1733 1425 1752 ¹

202 1811 305 1874 blicae
325 1812 528 1892 professionis
546 1827 627 1874 suae
653 1819 793 1872 tenorem
821 1820 876 1873 aut
903 1811 1085 1872 offensibilis
1111 1809 1235 1872 debitas
1263 1809 1357 1871 dam·

203 1897 340 1959 nationis
359 1916 479 1978 poenas
500 1898 638 1978 excipiat
659 1906 714 1958 aut
734 1898 886 1958 innocens
907 1917 948 1958 ex
973 1896 1090 1978 judicio
1109 1897 1243 1959 omnium
1265 1913 1356 1958 com-

201 1983 353 2063 probatus
384 1983 547 2044 clarescet.
609 1983 691 2044 Nam
723 1982 796 2062 quid
822 1981 888 2062 jam
919 1978 959 2045 de
991 1983 1170 2044 tributenrm
1200 1981 1354 2044 fiscalium

203 2068 421 2130 exactionibus
453 2063 607 2152 referam,
642 2085 771 2148 quorum
806 2067 1028 2130 redhibitiones
1055 2068 1152 2130 tantis
1178 2067 1352 2130 debitorum

203 2151 335 2216 cumulis
365 2154 579 2232 increverunt,
608 2159 643 2212 ut
671 2153 700 2213 si
728 2153 814 2235 exigi
842 2155 969 2234 penitus
993 2153 1161 2234 jubeantur
1187 2162 1219 2214 et
1250 2161 1351 2215 status

205 2238 335 2300 subruat
346 2237 400 2316 Η)
415 2236 553 2298 funditus
574 2237 755 2317 populorum
776 2246 810 2299 ct
829 2238 981 2322 fragmine
994 2238 1047 2318 ¹⁸)
1062 2239 1233 2301 collisionis
1247 2255 1348 2300 eorum

201 2323 343 2386 ultimum
373 2331 462 2384 terra·
484 2323 601 2384 sentiat
630 2324 772 2404 propriae
797 2325 1002 2406 prolapsionis
1030 2319 1221 2388 excidium?
1263 2323 1347 2386 Unde

202 2409 254 2471 his
284 2417 317 2470 et
335 2407 389 2490 ιθ)
421 2409 535 2470 talibus
561 2410 692 2490 privatis
718 2427 776 2471 scu
799 2411 892 2472 etiam
912 2410 1072 2473 fiscalibus
1093 2411 1195 2472 servis
1216 2409 1351 2473 remedia

201 2496 332 2576 pictatis
354 2503 548 2576 praeoptans
572 2503 678 2557 nostra
699 2496 799 2578 gloria
827 2497 991 2560 affluenter
1017 2495 1213 2577 impendere,
1245 2513 1352 2557 omnes

201 2582 383 2643 tributorum
405 2583 598 2662 exactiones,
620 2597 701 2661 quae
723 2579 806 2661 apud
826 2583 895 2643 illos
915 2582 955 2643 de
976 2583 1139 2644 retroactis
1160 2583 1351 2662 temporibus

200 2665 343 2746 rejacent
353 2665 408 2745 ²⁴³)
422 2685 523 2748 usque
544 2667 585 2728 ad
605 2667 733 2746 primum
754 2685 867 2728 annum
889 2667 1083 2730 celsitudinis
1103 2677 1239 2748 nostrae,
1261 2687 1352 2729 man-

201 2752 337 2814 suetudo
358 2761 466 2813 nostra
486 2753 546 2814 illis
567 2753 754 2813 omittendas
774 2754 893 2814 laxavit
914 2761 947 2814 et
967 2755 1051 2836 stylo
1077 2754 1218 2834 propriae
1239 2761 1353 2816 aucto-

201 2837 303 2898 ritatis
324 2837 594 2915 remittendas²¹)
617 2839 764 2918 instituit,
787 2857 866 2918 quas
888 2840 983 2900 etiam
1003 2839 1276 2918 auctoritates22)
1295 2857 1352 2901 sa·

201 2931 369 2991 cresancto
395 2924 500 2986 coetui
527 2931 635 2984 vestro
663 2923 851 3006 relegendas
878 2925 984 3006 elegit.
1035 2925 1113 2986 Illud
1141 2943 1267 3006 quoquc
1294 2923 1354 2985 ad-

198 3007 313 3090 jiciens
332 3009 459 3089 loquar,
482 3007 565 3090 quod
586 3008 670 3071 votis
691 3012 806 3072 nostris
826 3010 968 3072 horribile
990 3016 1022 3070 et
1042 3010 1154 3071 animis
1175 3011 1352 3072 execrabile

202 3075 327 3174 semplr
342 3092 404 3174 est,
423 3113 496 3157 oum
516 3093 744 3172 nobilitate²⁸)
766 3095 901 3160 conditio
923 3096 1097 3158 libertorum
1118 3095 1172 3156 vel
1191 3115 1368 3156 servorum·

202 3181 298 3244 etiam
327 3178 502 3260 adaequata
531 3180 638 3260 gentis
665 3187 794 3240 nostrae
816 3188 933 3242 statum
959 3180 1154 3262 degenerat:
1188 3182 1229 3242 ob
1259 3199 1351 3262 quam

201 3264 320 3334 remid
340 3274 466 3330 nostrae
488 3265 607 3348 gloriae
628 3265 738 3326 animis
757 3266 878 3346 placet,
907 3275 942 3328 ut
964 3267 1109 3347 exceptis
1129 3267 1232 3328 servis
1252 3265 1353 3329 lisca-

200 3351 288 3420 libus¹
308 3352 361 3414 vel
389 3351 508 3416 libertis
536 3352 648 3414 abrasa
674 3349 826 3432 deinceps
850 3350 942 3431 hujus
969 3353 1071 3413 malae
1092 3353 1354 3433 praesumptionis

200 3437 330 3501 licentia
355 3438 458 3500 nullus
489 3457 531 3500 ex
549 3436 605 3515 ²⁴)
644 3438 799 3502 servitute
826 3437 1050 3519 quorumlibet,
1083 3439 1196 3500 servus
1226 3439 1269 3500 sit
1295 3437 1349 3498 vel

200 3521 353 3602 libertus,
382 3523 424 3584 ed
449 3522 586 3606 palatina
612 3521 716 3583 officia
737 3529 898 3606 transeam
926 3522 1059 3603 quodsi
1081 3523 1211 3605 fecerit,
1240 3521 1351 3600 illi²⁶)

200 3607 388 3674 sonituum
415 3609 522 3688 procul
549 3606 641 3668 dubio
669 3605 879 3670 reducendum
907 3625 945 3670 se
972 3609 1110 3690 noverit,
1139 3613 1182 3670 'ex
1209 3623 1270 3690 quo
1296 3616 1349 3668 aut

201 3691 388 3759 conditionis
407 3693 548 3774 propriae
571 3692 722 3773 originem
744 3694 878 3772 sumpsit
902 3701 957 3754 aut
980 3693 1133 3755 libertatis
1153 3695 1278 3756 titulum
1296 3713 1349 3754 re-

200 3779 350 3861 portavit.
383 3781 444 3842 llis
464 3787 608 3842 votorum
628 3796 766 3840 meorum
786 3779 1045 3842 insinuationibus
1065 3779 1212 3863 allegatis
1233 3793 1345 3863 quaeso

212 4083 217 4090 ,
236 4031 266 4098 1)
284 4029 454 4113 annotatoin
471 4047 507 4084 m.
524 4029 562 4086 Μ.
587 4053 630 4096 ,··
665 4030 695 4098 ²)
707 4035 837 4115 ,monrium
853 4031 892 4083 Μ.
925 4062 961 4074 -
997 4033 1032 4101 ³)
1044 4031 1249 4101 praedecessoris
1263 4033 1300 4086 Μ.
1316 4059 1350 4070 -

236 4099 267 4170 ⁴)
285 4097 400 4152 Bombos
415 4117 444 4153 ιιι
455 4117 489 4152 m.
502 4101 540 4186 M,
552 4128 599 4182 .-
624 4097 653 4166 ³)
670 4117 713 4168 qua
731 4103 805 4153 deest
818 4117 860 4169 ap.
871 4099 908 4152 Μ.
932 4132 980 4186 -,
992 4104 1021 4186 θ.)
1040 4105 1165 4172 quendum
1175 4139 1199 4156 ..
1211 4116 1352 4186 marmare-

217 4177 330 4310 Μ
341 4171 433 4292 tr
452 4170 577 4292 mur
590 4171 861 4292 ι)
1053 4172 1351 4295 ntitas-⁶

268 4325 336 4433 illl.
359 4409 396 4422 -
422 4325 658 4446 ullqmeatornc
681 4407 717 4419 -
750 4379 800 4446 Ν)
817 4397 865 4450 quo
877 4381 916 4435 M.
943 4409 979 4422 -
1011 4379 1352 4450 ¹¹1)aatnurrcrir1·m.1tt

215 4449 267 4519 ¹⁸)
284 4449 482 4518 {boconiae-M.
524 4475 559 4490 -·
607 4448 656 4516 ιθ)
675 4451 754 4500 otium
770 4448 809 4502 Μ.
850 4478 885 4492 -
939 4451 990 4519 ¹0)
1008 4451 1168 4508 'relucentia
1187 4457 1220 4515 t..
1237 4451 1351 4573 “illm

271 4521 408 4574 irrnrrM.
450 4545 485 4560 —
527 4517 747 4588 ²1)onritterrdoa
763 4517 801 4572 Μ.
845 4547 879 4561 -·
922 4521 1231 4590 rajaononnoinm.
1278 4530 1290 4572 .·
1317 4547 1351 4561 ·-

215 4590 267 4726 ἔξ)
284 4590 437 4712 :efflictim
452 4587 606 4710 lim-1⁰⁰³
625 4588 752 4658 ram-in
776 4605 810 4643 rn.
833 4587 883 4654 Μ·
899 4595 951 4630 ¹-
999 4591 1056 4678 Ν)
1074 4591 1119 4659 cof
1135 4605 1170 4644 ee
1186 4589 1223 4642 M.
1253 4598 1301 4663 “-,
