2916 5050
407 213 627 303 concruruu
648 235 905 302 saaurcmsu.
1193 239 1236 304 m
1285 257 1287 260 ·

75 421 108 476 et
128 427 215 495 quae
235 407 416 492 impetravit
430 405 465 490 ι)
492 405 626 472 celerius
648 407 763 488 poterit
782 407 905 471 referre.
951 406 1000 471 Et
1023 409 1088 474 *hoo
1115 425 1232 474 conse-

75 513 181 580 quens
199 513 276 558 esse
295 491 437 576 videtur,
463 502 501 556 ut
521 491 562 557 de
583 493 721 576 qualibet
740 493 900 574 provincia
926 493 1068 575 episcopi
1093 493 1134 558 ad
1161 513 1232 560 eum

75 583 205 646 fratrem
226 587 261 644 et
281 581 505 661 co'e‘piscopa'rm
526 588 666 642 nostunu
686 596 800 662 preces
820 579 971 660 mittant,
989 581 1042 660 qui
1062 579 1094 641 in
1114 589 1233 644 metro-

74 668 141 750 poli
161 665 336 745 consistit,
354 673 391 728 ut
410 665 463 728 ille
484 673 517 727 et
538 663 700 727 diaconum
722 661 792 744 ejus
812 674 847 727 et
866 663 1110 744 supplicationes
1131 665 1234 730 desti·
1342 679 1344 692 ·

21 795 22 828 a
76 761 142 836 net,
162 752 304 815 tribuens
318 747 354 830 ²)
375 747 644 813 commendatitias
665 749 816 829 epistolas
835 755 901 832 pari
922 749 1040 811 rationo
1061 749 1102 813 ad
1123 752 1234 816 fratres

79 847 111 901 et
132 837 345 918 coepiscopos
365 844 501 916 nostros,
523 834 628 915 quiin
649 833 701 896 illo
723 842 862 914 tempore
883 836 914 894 in
935 833 986 896 his
998 837 1177 917 regionibus
1200 845 1234 899 at

78 923 205 986 urbibus
225 927 390 1001 morantur,
402 920 445 982 in
466 919 578 1002 quibus
598 919 674 980 felix
695 925 729 981 et
748 919 862 982 beatus
877 919 1045 1002 Augustus
1065 921 1234 1003 rempubli-

20 1033 22 1096 4
81 1025 150 1072 cem
172 1007 337 1090 gubernat.
378 987 514 1069 Sivero
534 1003 631 1066 habet
651 1003 821 1085 episcopus
839 1003 962 1066 amicos
980 1004 1012 1066 in
1033 1005 1158 1089 palatio,
1180 1007 1234 1089 qui

79 1093 165 1176 cupit
189 1087 307 1173 aliquid
334 1089 418 1171 quod
439 1097 543 1153 tameo
569 1089 736 1152 honestum
765 1097 817 1152 est
838 1089 1017 1170 impetrare,
1044 1109 1107 1154 non
1127 1092 1234 1174 prohi-
1351 1143 1353 1152 ,

79 1180 168 1241 betur
180 1177 216 1256 ⁸)
235 1193 294 1258 per
313 1173 478 1240 diaconum
498 1190 590 1238 suum
610 1191 722 1257 rogare
742 1192 783 1238 ac
796 1173 973 1258 significare
994 1175 1056 1261 his,
1076 1195 1157 1260 quos
1170 1178 1232 1245 scit

79 1264 249 1348 benignam
268 1261 526 1330 intercessionem
539 1257 575 1340 ι)
596 1259 657 1324 sibi
679 1260 801 1358 absenti
820 1277 917 1341 posse
936 1269 1097 1340 praestare
1114 1261 1156 1340 ὅ).

168 1763 229 1847 Qui
251 1782 331 1830 vero
351 1763 485 1834 Romam
509 1761 720 1847 venerint⁸),
746 1761 831 1826 sicut
856 1762 974 1828 dictum
999 1775 1067 1850 est,
1095 1771 1235 1836 sanctis-
1293 1797 1311 1807 Ἴ

85 1851 163 1915 sino
183 1850 270 1916 fratri
292 1859 327 1914 et
346 1852 535 1934 coepiscopo
556 1862 663 1916 nostro
675 1851 838 1914 Romanae
859 1849 1018 1914 ecclesiae
1030 1871 1143 1934 preces
1155 1873 1235 1939 quas

82 1938 197 2002 babent
221 1935 355 2018 tradant,
375 1947 412 2000 ut
432 1944 466 2000 et
485 1938 662 2020 ipseprius
684 1935 851 2016 examinet,
872 1935 902 1998 si
914 1934 1068 2000 honestae
1084 1949 1118 2003 et
1127 1941 1235 2022 justae
1253 2013 1261 2024 ,

80 2031 221 2106 suntet
241 2030 384 2106 praestet
399 2021 433 2102 a)
456 2022 647 2107 diligentiam
667 2029 764 2104 atque
784 2021 1038 2105 sollicitudinem,
1059 2034 1095 2102 ut
1115 2026 1156 2090 ad
1176 2046 1235 2092 co·

80 2108 221 2172 unitatum
243 2107 446 2190 perferantur.
487 2108 634 2175 Universi
654 2107 816 2188 uixeauu,
846 2106 973 2189 placere
999 2110 1059 2172 sibi
1080 2121 1114 2176 et
1133 2111 1236 2178 hone-

80 2202 164 2260 stum
183 2213 260 2258 esse
279 2193 453 2260 consilium.
521 2249 526 2265 ,
813 2214 818 2220 ·

164 2447 300 2531 Alypius
322 2446 495 2530 episcopus
515 2444 607 2510 dixit:
641 2445 678 2510 Si
698 2456 824 2528 propter
843 2447 977 2527 pupillos
996 2456 1031 2511 ct
1049 2449 1163 2532 viduas
1182 2455 1235 2517 vel
1315 2507 1318 2512 .

79 2530 269 2614 laborantes,
291 2533 345 2616 qui
365 2549 482 2601 causas
502 2551 566 2596 non
586 2531 708 2613 iniquas
729 2532 855 2613 habent,
875 2535 1074 2613 susceperint
1086 2539 1236 2619 peregri·
1299 2547 1305 2553 '

78 2618 216 2681 nationis
235 2617 431 2682 incommoda
446 2617 496 2699 ⁸),
515 2617 674 2681 habebunt
693 2616 809 2697 aliquid
830 2616 960 2679 rationis
972 2615 1025 2700 ⁹);
1054 2637 1138 2683 nunc
1157 2639 1235 2686 vero

79 2719 154 2766 cum
174 2721 216 2766 ea
234 2703 395 2785 postulent
412 2704 596 2786 praecipue,
618 2720 699 2784 quae
718 2704 789 2764 sine
804 2699 927 2766 'invidia
949 2701 1106 2767 hominum
1123 2708 1175 2783 ¹⁰)
1199 2717 1235 2770 et

77 2789 151 2874 siue
164 2787 411 2870 ‚reprehensione
423 2807 507 2870 ‚esse
526 2807 589 2853 non
609 2796 761 2871 possunt,
782 2804 845 2851 non
870 2805 1007 2853 necesse
1035 2797 1087 2866 est
1108 2811 1166 2856 eos
1187 2794 1233 2858 ire

79 2871 124 2936 ad
143 2875 332 2940 comitatum.
361 2931 363 2947 ‚

173 3062 370 3130 Gaudentius
393 3064 564 3147 episcopus
589 2980 687 3131 dixit}
721 3067 772 3130 Ea
800 3083 882 3149 quae
908 3068 1071 3131 salubriter
1091 3071 1263 3152 providi-¹

82 3139 152 3219 stis
166 3150 220 3233 Η)
247 3152 466 3216 convenientia
492 3159 527 3216 ct
550 3153 764 3218 aestinatioui.
780 3151 915 3214 omnimo
942 3161 976 3216 et
995 3153 1065 3216 Deo
1085 3156 1237 3236 placitura

81 3246 121 3302 et
139 3238 314 3302 hominibus
330 3245 437 3301 tenere
453 3234 508 3316 ¹²)
528 3235 683 3301 hacteuus
696 3236 750 3316 ¹³)
771 3236 946 3300 firmitatem
957 3248 1100 3323 possunt,
1120 3241 1150 3304 si
1164 3259 1237 3304 me-

80 3333 138 3387 tus
164 3323 239 3388 huic
257 3324 436 3388 sententiae
455 3320 670 3405 conjungatur.
717 3322 844 3387 Scimus
864 3323 946 3384 enim
973 3329 1008 3386 et
1027 3323 1089 3405 ipsi
1109 3327 1237 3408 saepis-

24 3449 27 3454 ι
80 3409 164 3474 sim
182 3417 308 3491 propter
332 3426 501 3492 paucorum
521 3405 813 3490 impudentiam¹⁴J
840 3407 1020 3492 religiosum
1038 3411 1236 3478 sacerdotale
1330 3403 1333 3410 ’

80 3513 199 3560 nomeu
227 3493 327 3556 fuisse
342 3493 583 3577 reprehensum.
640 3493 679 3557 si
704 3493 800 3578 igitur
827 3493 938 3575 aliquis
965 3503 1074 3559 contra
1100 3499 1237 3564 omnium

81 3579 275 3643 sententiam
294 3579 381 3643 nisus
404 3579 538 3642 voluerit
558 3577 717 3641 ambitioni
736 3579 841 3662 magis
859 3581 985 3660 placere
999 3599 1092 3663 quam
1105 3583 1185 3667 Deo,
1207 3585 1239 3648 is

83 3665 181 3731 debet
199 3664 298 3746 scire,
325 3665 431 3731 causis
452 3663 584 3746 redditis
604 3663 752 3729 honorem
774 3664 1019 3749 dignitatemque
1038 3683 1077 3730 se
1096 3668 1236 3731 amissu-

84 3823 284 3840 m

120 3916 149 3985 1)
166 3917 340 3983 despoliaverit
356 3914 408 3968 Me.
425 3913 548 3978 Colbert,
573 3910 652 3982 leid,
676 3921 703 3968 et
720 3913 787 3968 Just.
827 3939 869 3952 ·-·
910 3912 940 3982 ²)
963 3921 993 3968 at
1009 3921 1176 3989 carraspuispae
1192 3925 1238 3991 qui

153 4001 241 4053 preces
263 3985 381 4038 babuerit
403 4001 448 4038 eos
471 3986 506 4036 ad
528 3987 625 4052 fratres
646 3993 672 4037 et
695 3986 857 4052 coepiscopos
873 3993 989 4052 taoslrcs,
1015 3989 1059 4054 quai
1076 3992 1103 4040 ia
1119 3993 1237 4047 arcalors

155 4057 269 4120 ciuitate,
286 4056 314 4106 id
331 4062 370 4107 est
387 4055 537 4122 uaetropoli,
555 4056 695 4106 consistant
700 4093 711 4121 ,
735 4057 824 4105 titillat
849 4060 874 4106 ct
897 4056 938 4106 illl
966 4072 1014 4122 per
1036 4073 1096 4110 satas
1117 4057 1238 4114 diaconos

154 4126 262 4176 destinet
275 4123 407 4176 laibaaemlo
424 4132 471 4177 etc.
488 4124 552 4176 lsid.
578 4151 615 4168 ω-
649 4124 679 4193 3)
696 4124 861 4192 prohibeatur·
876 4122 904 4175 in
916 4141 998 4191 marg.
1010 4127 1105 4194 Marsi,
1121 4131 1184 4184 laid.
1200 4163 1248 4184 -.

121 4196 152 4264 t)
171 4191 273 4262 bearipae
292 4191 344 4260 [al.
362 4191 483 4261 beaipao]
502 4194 681 4246 iaalercosst'otac
699 4193 761 4246 lsid.
802 4221 840 4248 -.-
881 4195 910 4263 ὃ)
927 4187 1052 4249 siluatica
1070 4209 1240 4268 opportunam

152 4265 233 4332 suerit
250 4264 311 4317 add.
322 4265 389 4317 Just.
405 4292 442 4304 —-
457 4263 583 4317 Neander
600 4265 617 4316 l.
630 4278 653 4315 c.
670 4265 765 4329 tol-ll,
783 4281 809 4332 p.
817 4265 878 4319 218.
912 4261 1066 4336 ereinuald
1078 4271 1095 4322 l.
1110 4287 1133 4324 o.
1150 4289 1176 4341 p.
1186 4272 1239 4327 102

25 4369 29 4383 .
124 4335 244 4387 motti.
272 4361 308 4373 -
343 4335 373 4402 θ)
390 4333 628 4386 acaecitate-leid.
656 4364 692 4376 -
726 4335 756 4403 l)
773 4342 891 4400 procuret
908 4335 974 4388 Cod.
989 4337 1021 4389 U.
1049 4343 1090 4380 --Χ
1118 4339 1148 4409 a)
1164 4359 1239 4411 pm.
1296 4397 1303 4410 .

152 4406 312 4468 mactiones
329 4403 500 4456 incommodas
524 4403 591 4456 Cod.
608 4402 654 4455 ΖΕ.
691 4429 729 4443 -·
776 4402 806 4470 ⁹)
824 4405 912 4473 justae
936 4406 997 4459 add.
1014 4407 1077 4462 leid.
1115 4421 1160 4451 -·

116 4473 168 4540 ¹⁰)
187 4476 304 4552 aasabim.
316 4473 383 4526 Cod'.
398 4475 465 4528 Luc.
477 4477 505 4527 et
515 4473 577 4526 leid.
601 4497 638 4510 «-
670 4471 721 4540 1¹)
738 4477 937 4539 praemonuistis
953 4476 987 4530 iul
997 4486 1079 4546 ma'ng.
1090 4480 1186 4533 Menai.
1204 4510 1239 4521 -

116 4541 257 4608 ²²)saam
274 4543 334 4595 add.
352 4543 417 4596 ibid.
452 4569 493 4607 -,
528 4542 742 4618 1³)teaalual,
761 4541 870 4598 otCod.
890 4548 954 4598 latre.
989 4576 1024 4586 -
1069 4549 1238 4614 Histrorum

158 4614 330 4665 aareltlsid.
366 4644 422 4662 -·.
483 4643 486 4649 ι
735 4619 737 4622 ’
784 4624 788 4636 ‘

130 4705 196 4753 Bibl.
211 4705 269 4758 ecel.
287 4711 308 4753 1.
377 4713 382 4720 ¹
981 4700 1001 4757 7
