2880 5050
295 261 537 332 correnum
561 255 832 337 TOLETANUM
850 267 938 334 XVI.
1129 275 1191 340 371

18 434 195 519 {uomodo
219 453 470 518 unumquemque
499 445 555 498 aut
581 435 759 499 necessitas
785 434 939 518 impulerit
965 449 1019 502 aut
1034 443 1191 508 voluntas

18 521 206 605 coegerit,
235 520 276 586 de
300 522 434 602 panibus
461 522 528 583 suis
554 521 664 586 usibus
683 523 876 602 praeparatis
896 527 1064 588 crustulam
1083 525 1116 590 iu
1137 550 1191 591 ro-

18 610 195 670 tunditate
212 596 260 685 ¹)⁸
274 607 431 687 auferant,
468 623 538 667 eam
553 605 588 684 ²)
616 625 712 686 super
739 608 837 668 altare
866 625 936 669 cum
957 611 1030 672 vino
1053 620 1087 672 et
1108 632 1191 695 aqua

18 713 92 772 pro
115 709 209 754 sacro
231 689 375 751 libamine
397 688 546 752 offerant:
566 692 650 770 quod
671 691 788 752 factum
809 709 1006 774 nequaquam
1026 697 1058 756 in
1078 715 1191 762 sacrae

18 775 238 839 auctoritatis
257 774 388 836 historia
407 776 530 854 uspiam
551 784 678 855 gestum
699 774 906 855 perpenditur.
934 779 1058 858 Nempe
1075 784 1190 846 etenim
1283 824 1285 830 ,

18 881 91 942 per
112 861 313 922 Matthaeum
335 859 522 941 evangelica
541 861 660 920 veritas
681 859 804 940 inquit:
843 859 1055 926 Caeracatibus
1083 873 1190 930 autem

18 949 82 1008 eis
106 947 236 1026 occeperit
248 943 337 1006 Jeme
352 963 472 1024 panem
494 951 527 1005 et
548 943 712 1005 benedicit
733 963 772 1005 ac
786 944 894 1026 fregit
901 968 914 1021 ,·
934 945 1010 1010 item
1031 967 1087 1028 per
1100 953 1192 1014 Mar·
1302 965 1304 968 ·

18 1050 130 1093 cum:
168 1029 216 1092 ab
236 1029 500 1090 manducantibus
521 1027 587 1090 illie
609 1031 736 1109 accepit
755 1027 846 1090 Jestts
870 1051 987 1110 ponem
1009 1039 1042 1094 et
1063 1035 1190 1098 benedi-

19 1135 113 1176 ceme
128 1115 237 1196 fregit
256 1121 289 1175 et
310 1114 400 1175 dedit
421 1115 491 1188 eie3
518 1131 687 1192 rursusque
699 1131 760 1192 per
778 1115 916 1176 Lucam:
944 1117 1086 1198 Accmrto
1102 1141 1193 1200 pane

18 1201 167 1282 gratiae
189 1201 258 1280 egit
279 1205 312 1260 et
325 1200 433 1279 fregit
455 1205 488 1260 et
508 1199 599 1259 dedit
621 1195 734 1280 ete³);
766 1198 841 1259 item
857 1199 1049 1277 Apostolus:
1076 1203 1191 1266 Domi-

19 1305 97 1346 nus
125 1283 216 1345 Jeeus
244 1285 279 1344 im
305 1301 368 1364 pua
394 1290 488 1344 nocte
502 1276 703 1343 tradebatur
723 1285 848 1363 aceepit
868 1304 988 1364 ponem
1009 1293 1042 1348 et
1062 1292 1191 1368 gratiae
1269 1320 1272 1324 ·

21 1367 141 1450 ageas
155 1370 263 1450 fregit
285 1373 318 1428 et
339 1367 446 1428 dicit:
476 1367 628 1448 Accipite
649 1372 682 1426 et
701 1368 906 1443 manducate,
929 1370 988 1430 boc
1009 1379 1057 1432 eat
1078 1391 1191 1454 corpus

20 1473 141 1514 meam
155 1450 199 1529 ⁴).
240 1449 385 1532 Denique
411 1451 485 1532 quid
512 1451 596 1512 aliud
621 1447 771 1529 innuitur,
798 1450 859 1513 nisi
880 1451 952 1534 quia
972 1473 1084 1534 panem
1104 1457 1191 1520 inte-

22 1557 129 1619 grum
151 1533 312 1616 accipiens
334 1545 368 1597 et
387 1534 601 1598 benedicendo
616 1535 825 1616 confrangens
837 1535 871 1614 ⁵)
888 1537 1097 1618 particulatim
1117 1541 1191 1604 uni-

24 1622 155 1702 cuique
183 1619 401 1702 discipulorum
428 1620 612 1682 sumendum
638 1616 851 1683 contradidit?
895 1621 986 1700 Quod
1014 1633 1047 1688 et
1072 1644 1131 1689 nos
1157 1629 1190 1690 iu

23 1705 235 1788 postmodum
257 1708 395 1768 lecturos
416 1705 544 1768 edocuit
563 1703 648 1766 haud
669 1704 761 1766 dubie
782 1703 987 1790 significans,
1016 1712 1098 1791 quod
1115 1731 1190 1774 om-

25 1791 88 1854 nis
110 1793 253 1852 buccella
273 1792 373 1872 paniS,
394 1809 456 1851 non
476 1791 576 1852 omnis
597 1791 687 1870 panis
707 1791 859 1852 buccella.
892 1793 983 1854 Unde
1003 1804 1037 1856 et
1057 1798 1089 1857 in
1110 1798 1191 1858 sub-

26 1877 247 1956 sequentibus
275 1874 335 1956 ait,
367 1873 439 1936 dum
460 1893 551 1936 suum
572 1875 750 1936 traditorem
771 1877 876 1938 mallet
896 1877 1093 1960 significare:
1130 1881 1191 1944 Oai

28 1961 211 2024 buccellam
233 1963 333 2042 panis
354 1979 544 2042 porrexero,
574 1961 643 2041 ipae
670 1967 720 2021 eet
734 1959 777 2040 ο).
819 1962 870 2022 Αο
898 1961 1026 2043 proinde
1054 1967 1127 2046 quia
1156 1975 1191 2028 et
1225 2040 1228 2043 ‚

27 2044 242 2128 redemptoris
258 2047 356 2107 verba
377 2053 553 2126 testantur,
577 2044 661 2126 quod
681 2065 794 2124 panem
813 2047 969 2129 integmm
990 2049 1194 2130 accipiebsl)

28 2153 102 2194 non
127 2131 319 2210 buccellam,
348 2149 442 2210 quem
467 2139 541 2210 post
568 2128 819 2192 benedictionem
846 2128 1047 2215 confringens
1061 2135 1095 2214 ⁸)
1122 2134 1198 2198 suis·

29 2213 249 2298 particulatim
282 2215 442 2295 discipulis
475 2214 615 2296 dederit,
654 2223 687 2276 et
714 2215 833 2277 Paulus
862 2221 1024 2298 apostolus
1049 2222 1196 2283 similiter

31 2299 237 2364 nihilominus
271 2309 394 2380 narrat,
427 2299 511 2380 quod
543 2317 656 2380 panem
682 2299 842 2380 acceperit
877 2311 911 2362 et
942 2305 1062 2384 gratias
1089 2323 1192 2386 agens

33 2383 239 2467 confregerit,
254 2403 314 2446 nec
335 2404 396 2445 non
419 2392 452 2445 et
472 2383 556 2466 illud,
578 2383 665 2464 quod·
675 2382 821 2446 Christus
842 2382 882 2444 de
901 2389 1037 2466 quinque
1057 2392 1191 2469 panibus

35 2469 211 2534 confractis
232 2470 353 2530 turbam
373 2469 537 2550 reiecerit3
565 2468 639 2549 quid
660 2467 742 2532 aliud
768 2470 893 2530 instruit
907 2469 940 2547 ⁰)
968 2491 1047 2552 nos,
1075 2471 1136 2534 nisi
1155 2482 1191 2534 ut

34 2574 155 2637 panem
187 2553 343 2636 integrum
375 2562 537 2616 sumentes
566 2569 661 2630 super
689 2554 797 2638 altaris
825 2552 896 2632 ejus
922 2573 1063 2618 mensam
1091 2559 1192 2622 hene-

38 2641 208 2702 dicendum
227 2657 394 2720 ponamus,
415 2657 479 2700 non
500 2639 683 2718 particulam
704 2635 810 2719 panis,
831 2638 914 2718 quod
935 2649 1032 2721 ceput
1052 2639 1192 2704 nostrum

36 2743 238 2806 nequaquam
269 2725 386 2786 fecisse
416 2718 669 2804 perpendimus?
711 2725 794 2785 Nam
823 2725 853 2784 si
879 2724 971 2787 homo
999 2745 1083 2787 suae·
1103 2725 1200 2790 vitae·

38 2810 234 2894 diligentiam
262 2806 434 2870 studiosius
461 2808 607 2870 adhibere
633 2817 794 2888 procurat,
823 2817 939 2889 querito
968 2813 1072 2894 magis
1092 2811 1215 2875 sacris*

39 2897 95 2958 dei
119 2896 254 2958 cultibus
273 2895 328 2970 l⁰)
357 2895 490 2976 nitorem
519 2892 656 2954 debitum
683 2893 830 2954 exhibere
853 2913 1049 2976 summopere
1069 2893 1193 2960 debet?

38 2979 133 3042 Unde
154 2975 342 3040 temeritatis
362 2976 456 3056 hujus
477 2987 531 3040 aut
552 2975 746 3040 nescientiae
767 2979 932 3058 cupientes
954 2983 1117 3044 terminum
1132 3000 1194 3062 po·

41 3083 134 3144 nere,
163 3063 195 3124 id
223 3063 434 3124 unanimitatis
454 3071 580 3142 postiae
603 3061 722 3146 delegit
743 3072 937 3146 conventus,
965 3074 1083 3126 utnon
1104 3067 1194 3128 aliter

40 3149 134 3230 panis
165 3149 197 3208 in
230 3147 320 3208 altari
345 3147 459 3209 domiui
485 3147 674 3210 sacerdotali
702 3145 921 3210 benedictione
947 3151 1194 3213 sanctificandus

40 3230 333 3314 praeponatur11),
361 3233 422 3294 nisi
448 3232 573 3314 integer
600 3241 633 3294 et
660 3231 794 3314 nitidus,
823 3234 877 3311 qui
908 3254 950 3296 ea
977 3235 1081 3296 studio
1101 3236 1199 3300 irretit

40 3325 261 3399 praeparatus,
279 3335 394 3397 ¹*neque
419 3317 535 3395 grande
566 3315 698 3398 aliquid,
725 3316 784 3380 sed
804 3317 930 3379 modica
948 3326 1069 3380 tantum
1089 3321 1200 3382 oblata

41 3403 215 3468 seeundum
243 3401 325 3482 quod
351 3402 576 3464 ecclesiastica
602 3399 797 3480 consuetudo
824 3411 980 3484 retentat3
1008 3402 1099 3482 cujus
1120 3405 1196 3466 reli-

44 3491 223 3570 quiaeaut
244 3487 285 3548 ad
314 3487 571 3552 conservandum,
589 3486 724 3549 modico·
738 3487 847 3548 loculo
869 3488 992 3567 absque
1015 3490 1119 3569 aliqua
1145 3491 1204 3552 inm

40 3571 124 3651 juria
142 3571 263 3633 facilius
284 3579 525 3658 conservantur,
555 3580 611 3632 aut
631 3569 660 3632 si
681 3571 721 3633 ad
742 3571 925 3634 sumendum
941 3571 1004 3651 ¹²)
1024 3574 1118 3634 fuerit
1136 3595 1202 3647 ne·-¹

45 3657 235 3736 cessarium,
263 3675 325 3718 uon
343 3666 488 3718 ventrem
515 3657 595 3718 illius
628 3655 681 3736 qui
709 3657 876 3737 sumpserit
896 3659 1005 3738 gravis
1027 3659 1197 3723 farciminis

45 3761 138 3804 onere
164 3747 303 3820 premat,
330 3761 392 3804 nec
420 3739 504 3822 quod
533 3742 564 3804 iu
594 3741 806 3824 digestionem
824 3741 922 3820 vadat
933 3783 943 3821 ,
974 3743 1033 3804 sed
1061 3744 1197 3806 animam

45 3827 187 3888 alimonia
219 3823 370 3905 spirituali
406 3826 552 3907 reficiat3
585 3822 633 3888 ite
661 3845 773 3904 nempe
784 3871 794 3906 ,
830 3834 866 3886 ut
901 3827 940 3888 ab
972 3824 1021 3888 bis
1054 3825 1108 3908 q'ui
1140 3844 1199 3890 eas¹

44 3911 232 3990 sumpserint
251 3911 424 3990 priscorum
445 3928 598 3973 canonum
620 3911 764 3972 instituta
785 3919 957 3972 serventur.
999 3913 1098 3996 Igitur
1125 3911 1199 3994 qui-

45 4014 175 4075 cumque
196 3996 258 4077 hoc
279 3993 441 4057 decretum
461 4004 599 4057 nostrum
621 3994 834 4056 temerandum
855 3996 1034 4076 crediderit,
1055 3998 1199 4062 animari-‘-

43 4077 179 4142 versioni
207 4079 303 4141 divini
327 4079 439 4158 judicii
467 4077 648 4160 subjacebit
673 4087 706 4141 et
722 4081 808 4151 ,anni
828 4081 921 4142 unius
942 4084 1043 4161 spatio
1066 4103 1086 4145 a
1106 4103 1197 4146 com·

44 4165 185 4228 munione
206 4165 328 4226 alienus
349 4164 495 4227 manebit.

84 4345 111 4414 1)
128 4345 310 4396 rotmtditclem
323 4347 362 4397 Μ.
380 4377 415 4386 -
451 4346 480 4417 ²)
499 4345 654 4414 campitelli:
668 4373 704 4384 --
740 4341 1198 4414 ³)Metth.26,2o.llare.1t,22.

113 4415 237 4478 Lua22,
256 4415 300 4469 19.
343 4441 376 4455 —
425 4413 749 4482 ⁴)100r.11,23.sq.
789 4445 824 4454 -
872 4417 899 4484 ⁵)
917 4418 1076 4482 confringens
1093 4417 1130 4470 M.
1165 4446 1200 4458 -

82 4484 110 4550 θ)
127 4484 184 4536 Jolr.
203 4487 251 4550 13,
271 4485 315 4538 26.
351 4513 387 4524 -
423 4483 451 4550 ⁷)
470 4487 596 4554 acceperit
613 4486 642 4537 in
660 4497 697 4538 na·
713 4485 750 4536 M.
786 4513 821 4524 —-
861 4485 890 4552 ⁸)
908 4489 1075 4552 consummem
1092 4489 1130 4540 M.
1165 4517 1200 4542 ,—

64 4554 112 4692 123
127 4556 239 4606 instituit
255 4555 294 4676 l‘lil.
330 4579 369 4676 ᾖ
401 4553 450 4621 l⁰)
469 4555 609 4610 cultoribus
628 4554 657 4607 in
674 4571 708 4606 rn.
724 4555 763 4606 M.
800 4557 900 4626 -1¹)
917 4563 1077 4624 proponatur
1094 4559 1130 4610 M.
1165 4584 1201 4597 -

130 4639 262 4677 conatmen
280 4639 322 4677 um
369 4660 376 4676 .
411 4650 446 4663 -

954 4693 1031 4756 24*
