2880 5050
192 207 260 280 m
445 205 687 280 concurrum
712 209 983 280 mundanum
1003 213 1091 278 XVI.

193 379 394 465 nomisma
418 377 606 463 judieiomm
639 387 813 446 vemromrn
840 382 1070 449 definitionibus
1095 383 1305 464 ammata,
1337 393 1370 446 et

147 489 174 504 ··
193 467 370 532 firmissimo
398 466 624 530 sententiarum
648 475 824 532 vestrarum
850 470 936 552 stylo
964 488 1039 534 asse
1064 487 1282 550 permansum
1306 467 1368 532 de-

194 555 325 619 cemite.

209 669 214 682 ·
279 635 382 714 Quam
409 640 527 696 tomunr
556 632 595 698 ab
623 651 665 698 eo
691 635 880 700 unanimitas
905 643 1013 698 nostra
1038 634 1222 716 suscipiens
1250 635 1364 699 eidem

194 721 325 807 prrncipi
351 717 586 800 benediximus,
616 739 719 802 eoque
740 743 759 786 e
779 722 879 788 nostri
897 720 999 784 medio
1021 719 1234 803 discedente,
1263 720 1363 802 ejus-

195 808 269 874 dem
296 803 372 868 tomi
399 803 513 866 seriem
539 807 773 890 reseravimus,
803 807 894 890 cujus
920 806 1073 870 dictomm
1102 814 1214 870 texars
1245 810 1361 872 subter

194 907 321 960 mnam
338 888 423 962 sene
443 887 628 953 declaratur.

234 1111 238 1118 .
282 1061 320 1124 ln
338 1057 465 1123 nomine
485 1054 601 1122 domini
619 1055 750 1122 illarius
768 1057 874 1142 ligica
893 1078 950 1124 rex
970 1057 1179 1126 sanctissimis
1207 1061 1360 1142 patribus

197 1147 231 1212 ia
249 1145 315 1210 baa
331 1152 447 1208 uncta
466 1143 589 1227 synodo
608 1140 827 1208 residentibus.
873 1144 998 1226 Novit,
1026 1145 1203 1211 beatissimi
1233 1155 1358 1226 patres,

197 1231 380 1298 serenitatis
405 1237 532 1307 npsuae
558 1229 696 1312 gloriosa
720 1229 896 1294 sublimitas
923 1229 1097 1313 synodicae
1121 1230 1350 1296 advocationis

197 1315 304 1383 studia
322 1315 463 1378 mantis
481 1313 603 1378 saecoli
623 1315 750 1378 obstare
775 1315 894 1380 ruinam
907 1312 964 1396 ¹),
993 1324 1027 1378 et
1054 1315 1199 1380 fidelibus
1228 1317 1355 1397 popidis

197 1415 370 1485 eongmam
396 1400 543 1464 sanaris
568 1401 660 1462 vitae'
687 1398 867 1479 impendere
897 1399 1101 1481 discipm
1152 1398 1349 1482 Quapropter

198 1485 393 1552 orthodoxae
412 1484 488 1548 fidei
504 1483 657 1566 religione
676 1493 859 1568 permotus,
882 1487 1044 1568 vestrique
1057 1485 1092 1564 ²)
1116 1487 1255 1566 optabili
1272 1505 1348 1548 eon-

199 1579 300 1638 ventu
317 1569 482 1652 jucundior
500 1568 641 1632 redditus
664 1570 822 1634 coelorum
845 1573 914 1654 regi
933 1580 1043 1653 grates
1062 1569 1259 1653 laudumque
1278 1579 1354 1634 vota

198 1658 369 1742 persolvo,
397 1653 542 1736 quoniam
563 1655 754 1735 praestolata
774 1657 1013 1739 aggregationis
1032 1665 1162 1721 vestrae
1184 1657 1356 1720 concursio

199 1741 431 1826 praeceptionis
456 1746 585 1802 nestrae
611 1740 747 1805 oraculis
772 1741 976 1806 devotissime
1003 1743 1122 1822 paruit,
1149 1750 1185 1804 et
1205 1743 1354 1807 alternae

150 1891 154 1898 ,
199 1828 333 1892 visionis
354 1833 506 1906 exoptata
525 1824 643 1907 gaudia
662 1825 880 1892 commodavit.
920 1827 1019 1909 igitur
1038 1828 1138 1890 vobis
1157 1845 1269 1892 coram
1295 1846 1355 1907 po-

199 1915 283 1978 aare
312 1912 431 1974 vesnia
463 1911 611 1990 precibus
645 1927 813 1991 supernam
844 1912 920 1974 mibi
952 1911 1149 1976 clementiam
1182 1911 1356 1995 suffragari

200 1997 382 2078 efflagrans
399 1995 636 2058 universitatem
657 1996 875 2058 sanebtrrdinis
891 2005 1019 2060 vestrae
1037 1997 1217 2062 Christiana
1235 1997 1355 2062 mentis

200 2081 370 2148 wedene
390 2079 554 2158 convenio,
574 2086 610 2142 ut
631 2080 706 2159 quia
725 2081 883 2145 eeclesiae
903 2090 1036 2148 sanotae
1056 2083 1233 2146 catholicae
1256 2083 1354 2166 digna

200 2164 418 2248 speculatione
446 2161 595 2243 perstetis
611 2161 670 2244 ³),
698 2166 785 2228 votis
812 2167 893 2232 meis
919 2162 1058 2234 fautores
1088 2168 1159 2233 sitis
1183 2169 1352 2247 vestrique

161 2253 164 2256 ’
203 2249 408 2335 pemiflcatns
427 2248 548 2312 mritis
565 2247 597 2312 in
615 2249 765 2331 regendis
785 2252 908 2332 populis
926 2253 1154 2332 praestantiora
1173 2253 1251 2316 mihi
1274 2253 1353 2314 snb-

201 2334 523 2418 sidiapraeparstis,
550 2342 585 2398 et
611 2335 1015 2404 eonsdionrmnutrimenta
1034 2334 1169 2408 salubria
1188 2337 1355 2417 afferatis3

201 2441 266 2507 que
285 2421 409 2489 valeam
429 2419 656 2484 sanctimoniae
674 2429 803 2484 vestrae
822 2421 1007 2486 adminiculo
1026 2423 1123 2486 fultus
1144 2431 1179 2488 et
1197 2422 1355 2506 regnandi

68 2537 74 2546 ¹
201 2525 347 2592 gressus·
362 2507 395 2566 in
419 2523 500 2585 paee
526 2503 697 2586 perficere,
725 2515 759 2570 et
788 2515 918 2590 gentem
943 2508 1018 2570 mihi
1046 2505 1204 2570 subditam
1231 2509 1286 2588 pio
1316 2526 1356 2572 ao

201 2595 340 2663 discreto
359 2590 569 2652 moderamine
590 2609 714 2671 regere
757 2593 841 2656 Nam
862 2601 897 2654 et
917 2593 1000 2654 tales
1020 2611 1081 2655 vos
1102 2593 1135 2656 in
1154 2593 1218 2656 hoc
1238 2601 1355 2656 sancto

201 2678 336 2751 corrodia
356 2675 473 2738 adesse
499 2683 669 2756 praeopto,
700 2693 762 2758 quo
783 2677 886 2759 gratia
904 2677 1033 2760 spiritus
1052 2677 1155 2760 sancti
1174 2675 1272 2742 corda
1293 2698 1356 2740 ve-

204 2771 273 2834 stra
291 2759 441 2825 mactans
461 2759 493 2822 in
513 2757 618 2823 medio
636 2761 680 2829 sit
699 2770 874 2829 vestrorum
885 2806 896 2844 ,
924 2771 961 2825 nt
988 2763 1058 2844 ipso
1084 2763 1219 2826 docente
1245 2761 1280 2824 id
1303 2771 1356 2826 te-

202 2847 308 2914 neatis
326 2853 425 2926 atque
445 2845 607 2926 servetis,
626 2845 767 2910 unde-et
784 2848 857 2910 mihi
869 2893 885 2929 ,
909 2848 962 2930 qui
987 2867 1062 2928 prae
1083 2849 1225 2912 omnibus
1246 2849 1357 2912 multis

203 2951 276 3002 sura
304 2929 483 2999 criminibus
510 2929 656 3011 deditrrs,
691 2938 724 3011 et
753 2941 867 2998 cuncto
896 2933 1011 3014 populo
1036 2933 1197 3016 regiminis
1216 2934 1281 2998 mei
1302 2953 1356 2998 re-

203 3017 328 3099 spectio
354 3015 460 3078 divina
485 3033 617 3094 semper¹
638 3015 812 3094 opituletur.
861 3015 996 3096 Quantis
1022 3017 1156 3100 denique
1175 3019 1276 3080 malis
1306 3017 1357 3081 in-

204 3101 357 3186 dignante
390 3099 451 3162 deo
486 3108 569 3161 terra
602 3099 743 3181 quotidie
771 3103 922 3184 vapulet,
953 3105 1140 3186 quantisque
1167 3104 1272 3187 plagis
1301 3103 1354 3168 vel

203 3187 393 3271 perfidorum
413 3183 586 3250 sceleribus
605 3187 827 3270 contabescat,
854 3189 1035 3270 paternitati
1054 3197 1181 3252 vestrae
1201 3207 1266 3252 non
1286 3207 1356 3252 reor

204 3291 282 3341 csse
302 3270 472 3354 incognita.
511 3270 580 3334 Sed
607 3271 681 3352 quia
706 3272 831 3336 indubie
856 3273 1033 3356 credimus,
1063 3271 1147 3356 quod
1173 3281 1357 3358 transgres-

204 3360 295 3424 sione
315 3356 527 3419 mandatorum
549 3354 601 3418 dei
616 3357 718 3438 digna
738 3359 833 3420 factis
860 3359 1048 3440 recipimus,
1077 3357 1202 3422 dicente
1229 3357 1354 3424 domino

204 3463 263 3528 per
281 3441 486 3524 prophetaret
507 3439 642 3522 Propter
661 3441 720 3504 boc
742 3442 864 3526 lugebit
884 3449 981 3520 terro,
1002 3449 1036 3508 et
1056 3443 1271 3526 iraflrrnobr'tur
1292 3465 1355 3506 om·

187 3527 260 3592 -nr's
281 3527 336 3608 qur·
356 3523 484 3587 dubitat
504 3526 541 3586 aa
567 3545 607 3588 en
620 3523 676 3606 ⁴);
708 3537 912 3608 opportunum
938 3529 1019 3591 satis
1044 3537 1114 3614 est,
1129 3539 1130 3544 ’
1143 3537 1179 3590 ut
1202 3545 1260 3609 per
1284 3547 1355 3612 vos,

205 3611 261 3696 'qui
282 3610 407 3676 divinae
417 3609 509 3674 vocis
528 3611 694 3690 praeconio
715 3613 885 3676 salterrae
906 3614 995 3696 estis,
1017 3615 1200 3676 salvationis
1217 3613 1356 3676 obtineat

208 3699 310 3780 opem.
357 3679 448 3760 Unde
473 3695 685 3758 venerabilem
712 3698 892 3762 sanctitatis
917 3707 1046 3779 vestrae
1072 3699 1310 3764 universitatem
1324 3698 1356 3779 ⁵)

206 3781 376 3862 exhortor,
403 3789 440 3846 ut
464 3781 613 3863 imprimis
637 3783 738 3850 almae
758 3783 832 3846 fidei
858 3783 1030 3868 rectitudo,
1060 3803 1141 3866 qnae
1170 3803 1226 3863 per
1250 3791 1353 3846 veram

79 3881 84 3889 '
208 3865 426 3933 credulitatem
446 3863 479 3928 in
499 3867 583 3928 omni
603 3873 751 3930 terrarum
771 3871 844 3946 orbe
867 3867 981 3944 diffusa
1002 3867 1204 3952 expanditur,
1229 3878 1355 3934 vestrae

210 3950 388 4018 collationis
410 3949 541 4032 eloquiis
567 3961 798 4035 praeconetur,
825 3953 1007 4034 praedicata
1026 3955 1182 4020 veraciter
1203 3961 1357 4038 teneatur,

207 4035 332 4122 retenta
352 4034 385 4095 in
406 4051 519 4112 arcano
539 4035 640 4097 vestri
659 4039 797 4118 pectoris
817 4038 934 4102 illibata
954 4047 1106 4102 servetur.
1141 4037 1265 4100 Deinde
1287 4040 1357 4120 quia

210 4119 442 4201 comperimuS,
485 4120 568 4203 qnod
604 4123 720 4186 multae
759 4123 810 4186 dei
843 4125 993 4188 basilicae
1031 4127 1062 4188 in
1093 4124 1245 4205 dispersis
1279 4126 1358 4187 locis

208 4204 425 4291 parochiarum
457 4214 632 4273 uestrarum
664 4209 856 4274 constitutae
887 4208 960 4276 dum
997 4211 1038 4272 ad
1071 4211 1163 4274 nnius
1190 4211 1359 4290 respiciunt

208 4290 435 4356 amatunam
460 4293 651 4376 presbyteri,
678 4313 740 4360 nec
766 4293 896 4360 assidua
923 4295 954 4363 ia
981 4297 1030 4366 eis
1054 4293 1180 4364 domiuo
1207 4289 1361 4362 sacrificia

212 4434 415 4452 m

251 4515 280 4580 1)
297 4515 389 4566 raim
404 4513 441 4564 ld.
475 4535 511 4560 a·
551 4507 582 4574 ἱ)
600 4484 685 4560 marna
701 4510 762 4565 add.
778 4511 817 4568 Μ.
854 4541 889 4558 -
931 4514 961 4582 8)
979 4516 1120 4612 proruatis
1138 4515 1170 4570 Τ.
1186 4516 1210 4568 l.
1224 4515 1263 4579 2.,
1284 4519 1311 4568 et
1324 4517 1362 4569 M.

251 4584 282 4651 a)
300 4582 365 4634 llos.
384 4580 416 4645 4,
434 4581 458 4630 3.
493 4605 528 4618 -
573 4577 601 4644 ⁶)
621 4579 743 4632 raritatem
759 4579 786 4636 in
805 4599 838 4636 nr.
857 4585 893 4638 M.
930 4614 965 4626 -
