2916 5050
356 247 492 324 CODEX
511 245 733 315 noctssna
754 235 994 314 mulctata
1052 245 1055 262 '
1188 248 1251 312 177

71 369 99 400 a·
1082 397 1087 404 ,

97 425 223 504 mium
238 428 292 486 est
307 416 508 484 voleme'deo
519 427 553 482 et
565 427 706 482 nostrmn
724 417 932 486 infimitatem
949 417 1082 499 juvante
1092 415 1135 500 ¹),
1151 428 1188 485 ut
1205 419 1248 488 ad

96 511 183 574 hanc
209 507 382 572 ecclesiam
402 505 578 570 veniremus
598 505 776 568 dilectionis
796 513 830 566 et
853 505 1054 568 fraternitatis
1075 505 1180 588 gratia
1198 506 1250 568 in·-

96 595 201 660 vitati.
247 591 340 656 Unde
368 609 486 674 quaeso
513 592 677 666 caritatem
703 598 873 671 vestram„
890 591 963 671 quia
989 591 1034 653 ita
1061 590 1250 656 credendum

97 689 166 762 est,
188 677 272 762 quod
302 685 411 740 noster
431 694 586 740 accessus
607 675 728 738 advos
749 693 810 737 nec
830 675 1007 755 superfluus
1026 694 1088 738 nec
1108 677 1250 741 insuavis

98 774 151 828 est
168 761 348 843 cunetis2),
369 770 404 823 ut
423 779 601 824 consensus
622 762 756 824 omnium
776 769 915 822 nostrum
937 762 1151 824 manifestetur
1169 783 1250 826 eou-

95 849 226 914 cordare
248 847 445 929 complacitis
466 835 679 929 demetarum,
701 865 782 928 quae
798 845 979 924 jamdudum
1000 847 1053 908 vel
1073 847 1105 908 in
1124 848 1261 930 Hippo-¹

96 935 188 1000 nansi
208 933 333 1017 synodo
351 933 473 994 firmata
488 941 571 1015 sunt,
592 933 645 994 vel
663 930 861 1014 postmodum
876 932 1003 996 meliore
1018 933 1149 996 concilio
1164 933 1248 1014 apud

98 1019 325 1101 Carthaginem
351 1017 480 1081 definita
506 1037 589 1080 nune
610 1037 735 1100 quoque
762 1017 853 1080 nobis
881 1017 1049 1080 exordiae
1070 1020 1248 1084 recitentur.

97 1107 191 1168 'lunc
212 1105 335 1167 demum
363 1104 564 1166 flatemitatis
583 1111 711 1166 vestrae
732 1101 901 1178 concordia
920 1103 991 1166 luce
1013 1103 1123 1166 clarior
1147 1125 1250 1187 appa·
1343 1113 1345 1118 ’

97 1191 195 1272 tebit,
223 1191 252 1252 si
276 1189 363 1262 haec,
380 1208 461 1271 quae
483 1207 503 1252 a
523 1188 614 1250 nobis
633 1189 843 1270 superioribus
864 1190 1005 1254 conciliis
1025 1190 1169 1273 legaliter
1188 1193 1249 1256 de-

98 1276 187 1339 linita
207 1283 394 1355 noscuntur,
422 1293 484 1340 nou
511 1274 611 1338 solum
633 1293 792 1336 consensu
814 1281 923 1336 vestro
943 1275 993 1336 his
1014 1278 1112 1362 actis,
1139 1297 1249 1343 vemm

98 1371 133 1444 et
160 1361 440 1442 subscriptionibus
466 1361 683 1422 manifestetis.
730 1360 909 1444 xantippus
935 1361 1105 1441 episcopus
1131 1365 1250 1444 primae

98 1447 186 1511 sedis
197 1446 368 1510 Numidiae
386 1445 478 1508 dixit:
500 1445 615 1527 Credo,
629 1444 712 1526 quod
734 1447 816 1505 omni
832 1445 1014 1506 fraternitati
1033 1447 1151 1528 placuit
1172 1458 1204 1510 et
1214 1449 1249 1532 ⁸)

97 1541 220 1596 statuta
240 1551 300 1596 sua
319 1551 413 1594 mauu
426 1529 694 1612 confirmaverunt,
712 1529 935 1591 subscribendo
953 1532 1047 1591 etiam
1068 1533 1158 1595 nobis
1177 1533 1249 1614 pla·

101 1637 176 1682 cere
196 1636 294 1698 posse
315 1625 349 1678 et
369 1625 476 1678 nostra
497 1616 726 1694 subscriptione
746 1615 911 1678 finnamus.
951 1615 1099 1679 Nicetius
1119 1619 1249 1698 episco-

100 1722 164 1786 pus
188 1703 304 1782 primae
331 1701 416 1764 sedis
436 1701 643 1763 Mauritaniae
665 1699 854 1780 Sitiphen'sis
875 1699 970 1762 dixit:
1005 1699 1095 1778 Quae
1116 1707 1249 1769 recitata

99 1795 177 1851 sunt
198 1787 338 1870 decreta,
367 1788 512 1870 quoniam
538 1787 658 1849 ratione
679 1805 740 1846 nen
766 1791 889 1866 carent,
917 1793 951 1846 et
977 1795 1052 1847 sunt
1078 1790 1249 1872 approbata

99 1874 244 1954 cunctis,
272 1875 365 1935 etiam
392 1881 425 1934 et
452 1889 543 1934 meae
564 1872 714 1951 parvitati
741 1869 822 1936 haec
842 1870 986 1953 placent,
1017 1889 1098 1955 quae
1123 1875 1249 1958 quidem

97 1959 222 2042 propria
241 1959 469 2041 subscriptione
489 1956 627 2020 firmabo.
1004 1952 1007 1963 “

119 2093 307 2164 LXXXVI.
335 2095 388 2158 De
403 2096 617 2177 ptisanarum
634 2096 754 2171 ordine,
775 2101 813 2161 at
834 2097 889 2179 qai
902 2097 1065 2184 posterius
1086 2093 1231 2160 ordinati

297 2187 383 2258 eunt,
398 2180 562 2264 prioribus
582 2201 617 2244 se
635 2199 699 2244 nen
720 2182 861 2246 audeant
879 2183 1050 2263 anteferre.

183 2291 373 2356 Valentinus
395 2292 566 2373 episeopus
587 2291 682 2354 dixit:
718 2290 756 2354 si
776 2292 925 2371 permittit
945 2293 1059 2356 bouum
1079 2287 1250 2376 pitientiae

97 2386 243 2460 vestrae,
262 2395 433 2459 prosequor
453 2395 493 2438 ea
514 2397 595 2460 quae
614 2379 782 2458 praeterito
804 2386 942 2457 tempere
963 2381 995 2441 in
1016 2383 1154 2444 ecelesia
1168 2381 1250 2443 Cer·

98 2463 280 2546 thaginensi
302 2472 396 2546 gesta
415 2470 506 2544 sunt,
537 2471 570 2525 et
591 2463 870 2544 subscriptionibus
891 2464 1016 2526 fratrum
1038 2466 1158 2528 firmata
1180 2467 1250 2528 cla·

98 2557 244 2631 ruerunt,
273 2550 367 2610 etiam
387 2566 445 2609 nos
463 2543 572 2628 hoc⁴)
594 2558 775 2612 servaturos
797 2547 871 2609 esse
892 2547 1046 2628 profiteor.
1087 2551 1154 2614 Sed
1175 2550 1250 2614 illud
1272 2601 1276 2608 .

99 2635 237 2715 scimus,
264 2634 443 2696 inviolatam
464 2651 588 2714 semper
608 2636 763 2696 mansisse
774 2631 807 2710 ³)
835 2633 1087 2696 eeclesiasticam
1107 2635 1251 2715 discipli·

98 2733 196 2782 nam:
221 2721 322 2782 itaut
344 2719 446 2781 nullus
466 2717 593 2782 fratrum
612 2721 763 2802 prioribus
784 2719 851 2780 suis
869 2737 906 2780 se
928 2719 1092 2800 aliquando
1119 2719 1250 2784 auderet

100 2814 314 2888 anteponere,
349 2803 408 2867 sed
437 2803 548 2867 officiis
577 2807 715 2868 caritatis
728 2801 762 2882 ⁶)
791 2801 823 2864 id
850 2813 975 2884 semper
1001 2805 1169 2868 exhibitum
1198 2793 1251 2870 e'st

99 2891 265 2973 prioribus,
283 2891 372 2972 quod
391 2890 430 2951 ab
453 2891 689 2972 insequentibus
709 2887 912 2972 gratantert)
940 2908 1065 2971 semper
1085 2893 1250 2973 accipere-

100 2985 161 3049 tur.
191 2977 285 3038 Hunc
302 2976 441 3036 ordinem
456 2973 566 3053 jubeat
586 2978 739 3041 sanctitas
756 2984 865 3038 vestra
885 2976 1251 3040 meliusvestris'inter-

99 3061 308 3134 locutionibus
330 3060 471 3122 roborari.
521 3061 668 3124 Aurelius
690 3060 977 3142 episcopusdixit:
1004 3062 1077 3126 Non
1100 3061 1250 3130 decuerat

100 3143 244 3228 quidem,
271 3154 306 3207 ut
327 3145 407 3208 lraec
428 3153 660 3228 repeteremus,
688 3147 747 3210 nisi
774 3145 853 3207 forte
876 3146 1048 3210 existerent
1069 3146 1250 3212 inconside-
1290 3200 1294 3204 .

100 3239 190 3296 ratae
220 3239 343 3306 mentes
375 3229 596 3314 quorumdam,
632 3251 713 3313 quae
745 3229 785 3292 ad
815 3229 896 3293 haec
926 3229 1093 3294 statuenda
1124 3241 1250 3304 nostros

100 3325 250 3380 acuerent
269 3335 403 3380 sensus:
424 3316 483 3378 sed
497 3319 668 3380 eommunis
687 3318 767 3379 haee
789 3333 887 3378 causa
908 3323 976 3396 est,
996 3333 1089 3397 quam
1110 3317 1251 3396 insinua-

100 3403 149 3464 vit
174 3403 269 3465 froter
295 3412 329 3465 et
357 3400 570 3464 consacerdos
587 3400 621 3481 ⁸)
651 3409 776 3482 noster,
807 3407 843 3460 ut
869 3401 1084 3484 unusquisque
1110 3411 1251 3468 nostrum

16 3503 18 3506 ·
100 3486 283 3564 ordinem⁹)
304 3489 365 3550 sibi
384 3486 545 3551 decretum
566 3506 586 3549 a
607 3486 667 3550 deo
680 3484 734 3564 ¹⁰)
756 3493 940 3568 cognoscat,
954 3505 1015 3549 nec
1030 3488 1077 3550 cis
1089 3489 1253 3552 inconsul-

69 3577 73 3585 '
100 3573 147 3633 tis
168 3571 283 3650 aliquid
296 3589 393 3653 agere
407 3571 614 3651 praesumant.
645 3570 717 3650 Qua
727 3570 767 3634 de
781 3569 911 3652 redico,
925 3580 1016 3652 prout
1029 3581 1142 3654 captas
1160 3575 1253 3637 animi

101 3655 167 3718 mei
185 3655 308 3736 retinet,
325 3655 441 3735 eos11)
456 3659 507 3738 qui
520 3661 700 3739 putaverint
714 3658 830 3739 spretis
844 3656 1012 3738 majoribus
1026 3658 1140 3740 aliquid
1157 3679 1252 3740 prae-

100 3738 297 3822 sumendum,
311 3750 524 3823 competenter
538 3745 579 3808 ab
593 3745 677 3809 omni
692 3743 826 3808 concilio
840 3760 915 3805 esse
929 3742 1131 3808 coercendos.
1158 3746 1251 3809 Xan·

101 3905 303 3924 ψ

139 3993 282 4082 quaterne
298 4001 399 4056 nmina
417 4009 447 4054 ot
472 4003 537 4072 (orn.
554 4007 619 4076 cet.)
645 4007 677 4062 O.
694 4008 729 4062 H.
769 4035 805 4050 -
859 4006 888 4074 ²)
915 4005 1061 4074 Hucusque
1082 4007 1199 4064 Isidorus
1221 4009 1252 4064 in

142 4088 145 4097 ·
171 4069 334 4138 praelatione
360 4073 657 4143 conciliisMilevitani3
685 4079 767 4132 finem
793 4075 911 4142 ejusdem
937 4077 1109 4146 praefationis
1133 4080 1194 4134 vide
1217 4079 1252 4134 ad

174 4140 276 4210 uros.
302 4169 339 4183 -·
373 4142 448 4211 ³),et
463 4145 521 4198 idea
536 4147 621 4200 Hord.
648 4174 684 4189 --
717 4148 748 4217 ⁴)
765 4148 806 4200 Al.
824 4155 849 4200 et
861 4148 919 4216 jam
936 4163 983 4198 aes
999 4145 1060 4200 baec
1078 4149 1125 4214 [en
1141 4147 1253 4218 bae].'-

139 4207 168 4278 ὓ)
185 4225 323 4279 meremur
348 4227 380 4265 en
401 4229 467 4282 arrae
486 4218 633 4269 necesaria
655 4223 715 4270 erait
739 4217 925 4271 ecclesiastieae
945 4218 1105 4285 disciplinae.
1152 4222 1254 4273 sanor
1291 4231 1296 4238 ’

171 4282 239 4332 enim
266 4283 296 4333 ia
325 4281 373 4335 bac
398 4285 506 4338 eeclesia
529 4287 725 4353 Carthaginensi
748 4289 869 4341 inuiolata
891 4303 990 4356 seraper
1013 4290 1184 4356 permansisse
1206 4297 1252 4343 etc.

172 4349 204 4402 C.
220 4350 298 4420 Hisp.
322 4382 359 4394 --
393 4353 424 4421 0)
442 4355 536 4422 officiis
552 4359 674 4424 lepitimie
691 4358 722 4412 C.
738 4359 774 4412 H.
796 4383 833 4400 -κ
868 4359 897 4426 ⁵¹)
913 4358 1107 4411 mioaaltliler
1123 4361 1155 4412 C.
1172 4359 1207 4413 Η.
1218 4388 1257 4402 -

136 4417 168 4486 ⁸)
185 4423 347 4488 coipimopm
364 4421 396 4476 C.
411 4425 448 4478 Η.
464 4431 575 4496 praeter
590 4427 636 4480 AE.
653 4427 710 4482 BR.
727 4429 760 4480 U.
786 4451 823 4468 ·-
858 4427 888 4496 ⁰)
906 4429 1020 4481 ordinem
1037 4429 1113 4481 deest
1127 4429 1156 4484 iu
1175 4429 1207 4482 C.
1219 4431 1254 4482 H.

134 4489 185 4557 ¹⁰)
204 4491 267 4542 adeo
285 4492 318 4544 c.
335 4492 379 4548 Η.,
409 4511 448 4537 ¹-
493 4496 543 4564 11)
560 4505 708 4564 censerat,
729 4505 758 4550 ot
780 4499 937 4566 perimam
951 4499 1123 4552 aasentias
1139 4500 1255 4568 amaror

170 4571 217 4610 nee
231 4561 385 4686 granantis}
400 4564 557 4632 printatilroa
573 4567 671 4636 rdinati
688 4579 764 4638 nam
779 4575 954 4636 praestarent:
987 4570 1045 4634 Qua
1060 4569 1092 4622 de
1108 4584 1138 4621 re
1155 4576 1255 4636 operae:

171 4643 216 4681 ece
258 4645 280 4683 r.
327 4667 335 4684 .
381 4669 389 4686 .
423 4659 458 4675 ·-·
622 4657 623 4667 r
1348 4638 1351 4645 '

187 4723 255 4774 atti.
270 4723 327 4776 eorl.
336 4726 364 4794 δ1,
974 4725 1015 4788 12
