2880 5050
211 245 275 306 mo
465 242 706 342 oopcruruu
727 179 997 314 rouubruuu
1016 247 1104 312 xva

215 407 329 474 domini
355 413 453 478 nostri
479 432 538 478 seu
565 412 659 480 etiam
685 413 737 482 alii
757 415 862 496 plures
882 435 938 498 pro
960 416 1010 478 sui
1030 415 1152 480 servitii
1171 417 1308 480 meritc
1335 435 1390 480 ao-
1413 457 1414 482 r

215 495 321 576 cipere
341 509 540 583 meruerunt;
566 499 693 582 proinde
710 499 743 580 ¹)
763 502 965 564 instituentes
985 501 1203 583 decernimus,
1228 510 1275 564 ut
1302 504 1389 564 nullo

215 595 352 660 uuquam
372 591 512 665 tempore
534 604 639 646 eorum
660 585 724 666 filii,
740 587 792 666 qui
808 584 974 666 juramenti
994 587 1044 648 sui
1062 587 1304 667 profanatores
1330 607 1390 658 ex·

214 663 319 727 titisse
336 677 508 732 noscuntur
525 687 584 732 seu
601 671 770 751 extiterint,
786 672 839 733 vel
854 672 1051 752 subsequens
1066 690 1174 732 eorum
1196 674 1386 752 posteritas

213 747 246 812 in
262 751 484 816 nocibilitatem
493 751 527 832 ²)
541 773 645 816 eorum
661 755 822 818 intendere
837 755 973 818 audeaut
989 774 1051 817 uec
1065 757 1155 836 ipsas
1168 775 1230 818 res
1250 759 1308 820 eis
1328 777 1386 818 au-

215 833 296 896 ferre
311 855 434 918 quoquo
447 845 541 920 pacto
555 839 713 902 studeant.
742 839 817 902 Ideo
831 840 965 922 denique
980 849 1016 902 ut
1029 843 1262 920 praemisimus
1281 861 1381 904 seve-

215 919 368 982 rissimam
382 923 464 986 hano
479 922 598 986 decreti
614 925 712 986 nostri
727 925 903 988 curavimus
918 925 1104 1007 promulgari
1114 924 1150 1004 3)
1163 929 1378 1006 sententiam,

138 1071 147 1084 ,
214 1007 315 1086 utqui
329 1025 420 1068 suum
433 1027 495 1070 non
508 1008 650 1070 formidat
663 1009 790 1072 exitium
803 1011 915 1072 saltem
928 1009 1058 1071 filiorum
1073 1020 1290 1092 cunctaeque
1303 1031 1381 1074 suae

214 1091 411 1170 posteritatis
438 1092 659 1172 pertismescat
685 1092 853 1154 interitum.
899 1094 937 1156 si
963 1096 1032 1176 quis
1053 1113 1132 1158 sane
1154 1115 1280 1178 regum
1303 1116 1380 1159 sue·

215 1172 393 1238 cedentium
415 1185 547 1249 cunctas
567 1176 660 1258 hujus
681 1177 914 1240 constitutionis
939 1187 1064 1242 nostrae
1085 1179 1300 1244 definitiones
1323 1201 1380 1244 cu·

215 1259 332 1323 stodire
360 1269 415 1322 aut
444 1261 611 1342 adimplere
638 1261 809 1344 distulerit,
837 1263 938 1324 omnis
958 1264 1041 1326 linea
1060 1267 1288 1346 generationis
1311 1266 1377 1345 ejus

214 1345 368 1428 perpetim
389 1347 595 1410 condemnata
617 1346 782 1428 depereat,
810 1354 844 1408 et
864 1348 992 1430 iusuper
1012 1367 1054 1410 ex
1065 1349 1100 1428 4)
1121 1349 1235 1416 divino
1254 1349 1376 1432 judicio

215 1429 309 1494 rebus
337 1433 479 1496 omuibus
508 1441 541 1494 et
567 1434 684 1494 honore
712 1433 873 1512 praesenti
897 1433 929 1494 in
957 1433 1084 1496 saeculo
1114 1443 1249 1514 careat,
1275 1444 1369 1514 atque

215 1513 342 1582 Christo
369 1515 530 1596 judicante
557 1536 629 1582 cum
651 1517 772 1582 diabolo
792 1515 924 1597 ejusque
946 1518 1042 1580 sociis
1063 1516 1104 1580 ad
1122 1518 1288 1580 interitum
1308 1537 1371 1601 ge-

214 1599 338 1666 hennae
366 1603 539 1681 perveniat.
581 1601 643 1664 Cui
669 1610 795 1664 nostrae
822 1601 992 1664 definitioni
1020 1621 1061 1663 ex
1087 1603 1219 1684 antiquo
1251 1623 1374 1666 canone

214 1685 369 1766 quaedam
403 1687 586 1750 necessaria
619 1686 805 1760 innectimus
834 1695 868 1748 et
898 1705 1007 1748 omnes
1033 1688 1064 1748 in
1090 1705 1262 1750 commune
1295 1690 1375 1768 ipsis

214 1771 336 1850 verbis,
366 1773 479 1852 quibus
506 1781 542 1835 ut
568 1771 703 1836 diximus
730 1772 792 1838 hoo
813 1767 1003 1854 deprompsit
1024 1772 1212 1855 antiquitas,
1242 1775 1375 1854 procla-

213 1873 335 1920 mamus
356 1856 518 1924 dicentes:
1080 1901 1084 1904 -

301 1940 496 2025 Quicumque
517 1944 612 2026 igitur
633 1962 652 2006 a
672 1941 762 2005 nobis
782 1941 835 2002 vel
856 1941 955 2004 totius
975 1941 1148 2023 Hispaniae
1164 1941 1199 2022 5)
1232 1946 1373 2025 populis,

216 2026 354 2108 qualibet
375 2029 587 2108 conjuratione
608 2027 662 2089 vel
681 2025 793 2088 studio*
807 2035 1036 2088 saorameutum
1056 2026 1131 2092 fidei
1157 2047 1257 2110 suae,
1288 2029 1374 2110 quod

214 2129 271 2191 pro
298 2113 418 2191 patriae
447 2113 615 2195 gentisque
642 2109 816 2174 Gothorum
846 2119 931 2172 statu
957 2113 1010 2173 vel
1040 2131 1094 2192 pro
1122 2120 1373 2178 conservatione

214 2195 324 2274 regiae
350 2198 462 2260 salutis
488 2197 646 2277 pollicitus
673 2204 739 2275 est,
769 2197 985 2276 temeraverit,
1011 2205 1067 2258 aut
1087 2197 1262 2280 gloriosum
1284 2202 1373 2280 prin-

215 2279 318 2360 cipem
345 2290 485 2346 nostrum
504 2283 678 2366 Egioanem
703 2280 756 2342 vel
777 2281 1011 2361 subsequentes
1031 2283 1188 2363 principes
1209 2303 1297 2346 nece
1322 2294 1373 2346 at-

215 2372 352 2428 trectare
382 2367 517 2430 voluerit
553 2376 608 2432 aut
642 2373 801 2446 potestate
834 2367 924 2446 regni
958 2385 1074 2428 exuere
1108 2370 1286 2454 tentaverit
1320 2379 1373 2432 aut

215 2455 471 2534 praesumptione
503 2452 667 2536 tyrannica
700 2451 789 2532 regni
822 2449 983 2532 fastigium
1017 2471 1165 2532 usurpare
1199 2452 1372 2536 delegerit,

216 2537 383 2618 anathema
412 2540 456 2600 sit
483 2539 514 2600 in
543 2544 717 2618 conspectu
738 2535 789 2596 dei
809 2537 907 2614 patris
930 2543 964 2598 et
984 2538 1180 2618 angelorum,
1209 2547 1312 2619 atque
1335 2541 1371 2602 ab

216 2623 356 2686 ecclesia
380 2624 536 2686 catholica
562 2641 654 2703 quam
681 2619 813 2700 perjurio
840 2619 1052 2700 profanaverit
1077 2622 1231 2685 efficiatur
1260 2633 1373 2688 extra·

216 2725 297 2768 neus
319 2716 352 2770 et
374 2709 413 2770 ab
435 2709 516 2774 omui
537 2716 630 2768 coetu
647 2705 891 2768 Christianorum
910 2705 1030 2767 alienus
1052 2725 1124 2768 cum
1143 2709 1293 2770 omnibus
1312 2712 1372 2771 im-

215 2791 344 2872 pietatis
361 2811 439 2854 suae
453 2792 568 2873 sociis3
590 2792 663 2872 quia
679 2797 802 2870 oportet
818 2798 854 2850 ut
869 2808 932 2850 una
952 2809 1054 2870 poena
1074 2800 1183 2856 teneat
1204 2794 1370 2875 obnoxios,

97 2946 102 2954 ‚
217 2892 297 2955 quos
318 2877 428 2940 similis
453 2895 536 2938 error
560 2877 714 2942 invenerit
742 2874 929 2954 implicatos.
970 2872 1062 2952 Quod
1086 2875 1198 2938 iterum
1225 2881 1370 2942 secundo

215 2961 405 3042 replicamus
430 2961 594 3027 dicentes:
632 2959 827 3040 Quicumque
854 2958 966 3025 amodo
994 2979 1035 3020 ex
1056 2961 1145 3024 nobis
1165 2961 1220 3024 vel
1241 2967 1370 3026 cunctis

216 3045 389 3126 Hispaniae
420 3048 543 3130 populis
575 3046 713 3127 quolibet
745 3052 882 3106 tractatu
914 3045 967 3106 vel
1001 3045 1104 3106 studio
1136 3059 1371 3112 sacramentum

217 3129 292 3192 fidei
327 3151 429 3214 suae,
459 3129 543 3213 quod
568 3149 624 3212 pro
651 3128 772 3209 patriae
799 3129 967 3211 gentisque
995 3128 1168 3196 Gothorum
1198 3137 1291 3195 statu
1318 3135 1369 3195 vel

219 3219 461 3282 conservatione
482 3217 590 3299 regiae
613 3215 725 3278 salutis
744 3213 900 3295 pollicitus
922 3223 991 3295 est,
1011 3216 1176 3282 violaverit
1197 3225 1255 3278 aut
1273 3238 1369 3298 prae·

217 3299 335 3366 dictum
371 3304 541 3384 prinoipem
572 3309 711 3363 nostrum
744 3300 798 3360 vel
830 3300 1062 3379 subsequentes
1074 3300 1079 3370 ζ
1095 3299 1254 3382 principes
1287 3323 1367 3365 neon

217 3395 386 3452 attrectare
412 3389 553 3458 voluerit,
578 3394 633 3447 aut
661 3393 821 3465 potestate
850 3385 941 3466 regni
967 3403 1084 3450 exuere
1110 3386 1285 3452 tentaverit
1315 3397 1367 3450 aut

216 3473 469 3552 praesumptione
504 3471 666 3555 tyrannica
700 3470 791 3550 regui
822 3469 983 3550 fastigium
1016 3489 1166 3550 usurpare
1200 3469 1365 3552 delegerit,

218 3559 386 3618 anathema
412 3558 456 3618 sit
480 3555 512 3616 in
538 3554 656 3618 Christi
676 3562 850 3634 conspectu
871 3562 905 3614 et
925 3557 1135 3632 apostolorum
1155 3553 1244 3636 ejus,
1268 3565 1364 3637 atquc

218 3643 258 3704 ab
287 3640 426 3706 ecclesia
453 3639 609 3716 catholica
635 3656 727 3718 quam
748 3636 880 3718 perjurio
900 3639 1117 3716 profanaverit
1130 3639 1285 3702 efficiatur
1308 3661 1364 3702 ex-

217 3735 345 3790 traneus
367 3735 400 3788 et
420 3725 471 3788 ab,
487 3724 569 3786 omui
596 3723 752 3786 consortio
774 3721 1020 3789 Christianorum
1047 3727 1184 3805 alienus,
1213 3731 1247 3788 et
1275 3724 1362 3788 dam-

217 3817 312 3875 natus
340 3813 372 3872 iu
399 3811 501 3872 futuro
526 3807 643 3890 judicio
671 3807 822 3886 habeatur
851 3825 921 3868 oum
948 3809 1151 3890 participibus
1172 3809 1259 3889 suis3
1293 3811 1358 3890 quia

217 3896 346 3978 dignum
374 3905 440 3974 est,
476 3903 512 3956 ut
538 3895 590 3974 qui
618 3893 731 3955 talibus
760 3891 920 3972 sociantur
946 3893 1007 3972 ipsi
1033 3896 1129 3956 etiam
1158 3892 1360 3956 damnationis

218 3999 324 4043 corum
350 3979 579 4061 participationi
594 3976 628 4056 θ)
658 3978 782 4043 obnoxii
811 3984 985 4047 teneantur.
1048 3981 1121 4046 Hoc
1149 3979 1241 4048 etiam
1270 3980 1360 4054 tertio

216 4123 413 4142 W

235 4199 282 4266 Η)
300 4199 403 4265 procide
420 4199 458 4250 Μ.
494 4226 530 4239 -
572 4197 601 4267 ²)
618 4193 777 4248 nocibilitate
793 4195 831 4247 Μ.
867 4224 902 4238 -α
943 4194 971 4264 ³)
989 4191 1134 4246 curabimus
1149 4197 1309 4264 promotiome
1325 4197 1359 4248 M.

251 4269 281 4338 4)
300 4267 489 4321 enomaM.
537 4294 572 4305 —
630 4263 659 4332 ὅ)
682 4265 801 4316 ecclesiae
818 4263 874 4317 BR.
891 4265 961 4318 nt.
979 4265 1011 4316 U.
1030 4263 1080 4328 G.‚
1104 4269 1131 4316 et
1147 4265 1184 4322 M.
1228 4268 1299 4322 Quae
1318 4283 1359 4319 se-

286 4343 402 4408 quuntur
423 4339 457 4390 ab
479 4336 528 4388 hac
552 4351 616 4390 voce
640 4349 726 4400 nsque
749 4335 782 4386 ad
804 4333 882 4398 hujus
901 4333 1005 4388 concilii
1020 4333 1101 4384 finem
1119 4333 1215 4388 desunt
1232 4334 1357 4387 omniain

285 4408 319 4462 A.
338 4414 365 4460 et
382 4404 442 4472 AE.,
465 4405 494 4458 iu
513 4405 608 4474 quibus
626 4402 692 4456 haec
709 4401 742 4456 ad
763 4404 908 4470 marginem
931 4411 994 4457 nota
1017 4402 1193 4457 describitur:
1221 4407 1252 4456 fs
1268 4406 1358 4470 amodo

287 4479 411 4528 Toietorta
436 4483 530 4543 quana
551 4475 688 4540 carptum
711 4487 759 4524 seat
780 4475 954 4542 episcoporum
978 4473 1089 4524 tonatim
1110 4473 1179 4526 boec.
1220 4475 1359 4542 Desumpta

285 4551 347 4602 sunt
363 4563 397 4598 ex
410 4547 466 4597 ste
478 4561 536 4598 cum
550 4543 712 4596 variantibus
730 4546 876 4596 ceterorum
893 4540 1058 4596 lectionibus.
1083 4540 1116 4593 cf.
1132 4543 1358 4596 Cona'foiettv.

287 4631 309 4669 o.
327 4615 369 4668 to.
398 4615 429 4668 V.
447 4631 469 4666 c.
487 4615 513 4666 4.
540 4614 583 4669 vl.
601 4629 624 4668 o.
642 4613 683 4670 li.
711 4613 743 4663 X.
763 4629 785 4665 o.
803 4615 829 4666 2.
863 4641 898 4655 -·
944 4612 974 4678 ⁸)
991 4611 1189 4678 participatione
1204 4613 1242 4666 M.
1275 4641 1307 4656 -
