<?xml version="1.0" encoding="UTF-8"?>
<!DOCTYPE html PUBLIC "-//W3C//DTD XHTML 1.0 Transitional//EN"
    "http://www.w3.org/TR/xhtml1/DTD/xhtml1-transitional.dtd">
<html xmlns="http://www.w3.org/1999/xhtml" xml:lang="en" lang="en">
 <head>
  <title>
</title>
<meta http-equiv="Content-Type" content="text/html;charset=utf-8" />
  <meta name='ocr-system' content='tesseract 3.04.00' />
  <meta name='ocr-capabilities' content='ocr_page ocr_carea ocr_par ocr_line ocrx_word'/>
</head>
<body>
  <div class='ocr_page' id='page_1' title='image "./canonesapostolo00brungoog/canonesapostolo00brungoog_0318.png"; bbox 0 0 2912 5060; ppageno 0'>
   <div class='ocr_carea' id='block_1_1' title="bbox 356 240 1236 330">
    <p class='ocr_par' dir='ltr' id='par_1_1' title="bbox 356 240 1236 330">
     <span class='ocr_line' id='line_1_1' title="bbox 356 240 1236 330; baseline -0.007 -18"><span class='ocrx_word' id='word_1_1' title='bbox 356 241 599 312; x_wconf 86' lang='lat' dir='ltr'>concurnu</span> <span class='ocrx_word' id='word_1_2' title='bbox 619 240 889 312; x_wconf 73' lang='lat' dir='ltr'>domninum</span> <span class='ocrx_word' id='word_1_3' title='bbox 909 245 964 308; x_wconf 69' lang='lat' dir='ltr'>on„</span> <span class='ocrx_word' id='word_1_4' title='bbox 1171 242 1236 330; x_wconf 74' lang='lat' dir='ltr'>eos</span> 
     </span>
    </p>
   </div>
   <div class='ocr_carea' id='block_1_2' title="bbox 9 415 1235 503">
    <p class='ocr_par' dir='ltr' id='par_1_2' title="bbox 9 415 1235 503">
     <span class='ocr_line' id='line_1_2' title="bbox 9 415 1235 503; baseline -0.002 -20"><span class='ocrx_word' id='word_1_5' title='bbox 9 459 13 472; x_wconf 90' lang='lat'>·</span> <span class='ocrx_word' id='word_1_6' title='bbox 75 421 187 503; x_wconf 72' lang='lat' dir='ltr'>societ</span> <span class='ocrx_word' id='word_1_7' title='bbox 214 417 369 503; x_wconf 69' lang='lat' dir='ltr'>agr-tectos</span> <span class='ocrx_word' id='word_1_8' title='bbox 398 418 493 482; x_wconf 72' lang='lat' dir='ltr'>illis?</span> <span class='ocrx_word' id='word_1_9' title='bbox 522 415 626 480; x_wconf 85' lang='lat' dir='ltr'>Molos</span> <span class='ocrx_word' id='word_1_10' title='bbox 651 415 734 480; x_wconf 86' lang='lat' dir='ltr'>male</span> <span class='ocrx_word' id='word_1_11' title='bbox 755 416 888 498; x_wconf 70' lang='lat' dir='ltr'>pedet,</span> <span class='ocrx_word' id='word_1_12' title='bbox 918 423 952 478; x_wconf 85' lang='lat' dir='ltr'>ot</span> <span class='ocrx_word' id='word_1_13' title='bbox 972 418 1096 480; x_wconf 79' lang='lat' dir='ltr'>cineam</span> <span class='ocrx_word' id='word_1_14' title='bbox 1116 417 1235 480; x_wconf 78' lang='lat' dir='ltr'>locabit</span> 
     </span>
    </p>
   </div>
   <div class='ocr_carea' id='block_1_3' title="bbox 84 499 1236 589">
    <p class='ocr_par' dir='ltr' id='par_1_3' title="bbox 84 499 1236 589">
     <span class='ocr_line' id='line_1_3' title="bbox 84 499 1236 589; baseline -0.003 -20"><span class='ocrx_word' id='word_1_15' title='bbox 84 505 162 570; x_wconf 79' lang='lat' dir='ltr'>aliis</span> <span class='ocrx_word' id='word_1_16' title='bbox 182 505 345 589; x_wconf 73' lang='lat' dir='ltr'>agricolis,</span> <span class='ocrx_word' id='word_1_17' title='bbox 363 507 420 588; x_wconf 82' lang='lat' dir='ltr'>qui</span> <span class='ocrx_word' id='word_1_18' title='bbox 439 503 577 568; x_wconf 78' lang='lat' dir='ltr'>reddant</span> <span class='ocrx_word' id='word_1_19' title='bbox 595 505 628 564; x_wconf 82' lang='lat' dir='ltr'>oi</span> <span class='ocrx_word' id='word_1_20' title='bbox 641 505 771 583; x_wconf 77' lang='lat' dir='ltr'>fructus</span> <span class='ocrx_word' id='word_1_21' title='bbox 791 501 982 586; x_wconf 72' lang='lat' dir='ltr'><strong><em>temporibus</em></strong></span> <span class='ocrx_word' id='word_1_22' title='bbox 1002 505 1068 564; x_wconf 83' lang='lat' dir='ltr'>sais</span> <span class='ocrx_word' id='word_1_23' title='bbox 1080 499 1122 580; x_wconf 84' lang='lat'>¹).</span> <span class='ocrx_word' id='word_1_24' title='bbox 1151 505 1236 566; x_wconf 88' lang='lat' dir='ltr'>Nam</span> 
     </span>
    </p>
   </div>
   <div class='ocr_carea' id='block_1_4' title="bbox 9 589 1236 674">
    <p class='ocr_par' dir='ltr' id='par_1_4' title="bbox 9 589 1236 674">
     <span class='ocr_line' id='line_1_4' title="bbox 9 589 1236 674; baseline -0.003 -18"><span class='ocrx_word' id='word_1_25' title='bbox 9 607 11 620; x_wconf 79' lang='grc'>’</span> <span class='ocrx_word' id='word_1_26' title='bbox 84 591 162 656; x_wconf 88' lang='lat' dir='ltr'>dicit</span> <span class='ocrx_word' id='word_1_27' title='bbox 180 593 269 672; x_wconf 87' lang='lat' dir='ltr'>ipse:</span> <span class='ocrx_word' id='word_1_28' title='bbox 297 591 440 674; x_wconf 75' lang='lat' dir='ltr'>Vigilate</span> <span class='ocrx_word' id='word_1_29' title='bbox 461 595 494 651; x_wconf 87' lang='lat' dir='ltr'>et</span> <span class='ocrx_word' id='word_1_30' title='bbox 516 595 622 664; x_wconf 85' lang='lat' dir='ltr'>orote,</span> <span class='ocrx_word' id='word_1_31' title='bbox 643 609 684 650; x_wconf 81' lang='lat' dir='ltr'>ae</span> <span class='ocrx_word' id='word_1_32' title='bbox 704 590 833 650; x_wconf 80' lang='lat' dir='ltr'>intretis</span> <span class='ocrx_word' id='word_1_33' title='bbox 855 592 889 652; x_wconf 82' lang='lat' dir='ltr'>ia</span> <span class='ocrx_word' id='word_1_34' title='bbox 910 591 1135 663; x_wconf 78' lang='lat' dir='ltr'><em>tentationem,</em></span> <span class='ocrx_word' id='word_1_35' title='bbox 1160 589 1236 670; x_wconf 80' lang='lat' dir='ltr'>quio</span> 
     </span>
    </p>
   </div>
   <div class='ocr_carea' id='block_1_5' title="bbox 85 671 1240 1270">
    <p class='ocr_par' dir='ltr' id='par_1_5' title="bbox 85 671 1240 1270">
     <span class='ocr_line' id='line_1_5' title="bbox 85 671 1236 760; baseline -0.003 -20"><span class='ocrx_word' id='word_1_36' title='bbox 85 679 233 755; x_wconf 81' lang='lat' dir='ltr'>nescitis,</span> <span class='ocrx_word' id='word_1_37' title='bbox 261 699 324 760; x_wconf 82' lang='lat' dir='ltr'>qao</span> <span class='ocrx_word' id='word_1_38' title='bbox 349 677 427 754; x_wconf 76' lang='lat' dir='ltr'>loom</span> <span class='ocrx_word' id='word_1_39' title='bbox 454 675 598 736; x_wconf 84' lang='lat' dir='ltr'>dominas</span> <span class='ocrx_word' id='word_1_40' title='bbox 618 681 722 736; x_wconf 83' lang='lat' dir='ltr'>cester</span> <span class='ocrx_word' id='word_1_41' title='bbox 742 682 891 736; x_wconf 72' lang='lat' dir='ltr'>cantamus</span> <span class='ocrx_word' id='word_1_42' title='bbox 912 676 957 734; x_wconf 82' lang='lat' dir='ltr'>sit</span> <span class='ocrx_word' id='word_1_43' title='bbox 970 675 1013 750; x_wconf 79' lang='lat'>²).</span> <span class='ocrx_word' id='word_1_44' title='bbox 1062 671 1102 736; x_wconf 78' lang='lat' dir='ltr'>Si</span> <span class='ocrx_word' id='word_1_45' title='bbox 1129 681 1236 738; x_wconf 83' lang='lat' dir='ltr'>natam</span> 
     </span>
     <span class='ocr_line' id='line_1_6' title="bbox 86 759 1237 840; baseline -0.002 -14"><span class='ocrx_word' id='word_1_46' title='bbox 86 764 208 826; x_wconf 72' lang='lat' dir='ltr'>dicerit</span> <span class='ocrx_word' id='word_1_47' title='bbox 226 762 328 825; x_wconf 84' lang='lat' dir='ltr'>malus</span> <span class='ocrx_word' id='word_1_48' title='bbox 348 781 456 826; x_wconf 83' lang='lat' dir='ltr'>seruus</span> <span class='ocrx_word' id='word_1_49' title='bbox 477 759 532 822; x_wconf 83' lang='lat' dir='ltr'>ille</span> <span class='ocrx_word' id='word_1_50' title='bbox 553 762 591 822; x_wconf 84' lang='lat' dir='ltr'>in</span> <span class='ocrx_word' id='word_1_51' title='bbox 610 759 703 822; x_wconf 84' lang='lat' dir='ltr'>corde</span> <span class='ocrx_word' id='word_1_52' title='bbox 723 779 801 821; x_wconf 83' lang='lat' dir='ltr'>suo:</span> <span class='ocrx_word' id='word_1_53' title='bbox 829 759 954 820; x_wconf 85' lang='lat' dir='ltr'>Moram</span> <span class='ocrx_word' id='word_1_54' title='bbox 974 762 1065 840; x_wconf 85' lang='lat' dir='ltr'>soor&#39;t</span> <span class='ocrx_word' id='word_1_55' title='bbox 1093 759 1237 824; x_wconf 81' lang='lat' dir='ltr'>dominas</span> 
     </span>
     <span class='ocr_line' id='line_1_7' title="bbox 86 845 1237 928; baseline -0.003 -15"><span class='ocrx_word' id='word_1_56' title='bbox 86 869 173 912; x_wconf 80' lang='lat' dir='ltr'>moue</span> <span class='ocrx_word' id='word_1_57' title='bbox 198 851 322 924; x_wconf 77' lang='lat' dir='ltr'>centro,</span> <span class='ocrx_word' id='word_1_58' title='bbox 354 855 387 910; x_wconf 89' lang='lat' dir='ltr'>et</span> <span class='ocrx_word' id='word_1_59' title='bbox 408 847 548 928; x_wconf 80' lang='lat' dir='ltr'>cooperit</span> <span class='ocrx_word' id='word_1_60' title='bbox 562 853 731 928; x_wconf 82' lang='lat' dir='ltr'>percutere</span> <span class='ocrx_word' id='word_1_61' title='bbox 744 845 777 919; x_wconf 80' lang='lat'>³)</span> <span class='ocrx_word' id='word_1_62' title='bbox 804 865 967 907; x_wconf 79' lang='lat' dir='ltr'>comoroce</span> <span class='ocrx_word' id='word_1_63' title='bbox 987 867 1059 908; x_wconf 86' lang='lat' dir='ltr'>snos</span> <span class='ocrx_word' id='word_1_64' title='bbox 1081 854 1114 910; x_wconf 88' lang='lat' dir='ltr'>et</span> <span class='ocrx_word' id='word_1_65' title='bbox 1136 845 1237 909; x_wconf 83' lang='lat' dir='ltr'>uncil-</span> 
     </span>
     <span class='ocr_line' id='line_1_8' title="bbox 86 930 1238 1012; baseline -0.002 -14"><span class='ocrx_word' id='word_1_66' title='bbox 86 934 145 1012; x_wconf 83' lang='lat' dir='ltr'>los,</span> <span class='ocrx_word' id='word_1_67' title='bbox 166 936 337 998; x_wconf 83' lang='lat' dir='ltr'>manducet</span> <span class='ocrx_word' id='word_1_68' title='bbox 358 941 465 996; x_wconf 87' lang='lat' dir='ltr'>autem</span> <span class='ocrx_word' id='word_1_69' title='bbox 486 939 519 994; x_wconf 88' lang='lat' dir='ltr'>et</span> <span class='ocrx_word' id='word_1_70' title='bbox 539 931 627 994; x_wconf 82' lang='lat' dir='ltr'>bibat</span> <span class='ocrx_word' id='word_1_71' title='bbox 648 951 718 992; x_wconf 86' lang='lat' dir='ltr'>cum</span> <span class='ocrx_word' id='word_1_72' title='bbox 740 930 845 1007; x_wconf 80' lang='lat' dir='ltr'>ebriis,</span> <span class='ocrx_word' id='word_1_73' title='bbox 867 935 974 994; x_wconf 82' lang='lat' dir='ltr'>ueniet</span> <span class='ocrx_word' id='word_1_74' title='bbox 989 934 1132 994; x_wconf 85' lang='lat' dir='ltr'>dominus</span> <span class='ocrx_word' id='word_1_75' title='bbox 1153 935 1238 996; x_wconf 81' lang='lat' dir='ltr'>serni</span> 
     </span>
     <span class='ocr_line' id='line_1_9' title="bbox 86 1017 1237 1101; baseline 0.001 -19"><span class='ocrx_word' id='word_1_76' title='bbox 86 1021 176 1082; x_wconf 81' lang='lat' dir='ltr'>illins</span> <span class='ocrx_word' id='word_1_77' title='bbox 204 1024 241 1082; x_wconf 81' lang='lat' dir='ltr'>in</span> <span class='ocrx_word' id='word_1_78' title='bbox 268 1021 341 1094; x_wconf 82' lang='lat' dir='ltr'>die,</span> <span class='ocrx_word' id='word_1_79' title='bbox 369 1039 430 1101; x_wconf 78' lang='lat' dir='ltr'>qao</span> <span class='ocrx_word' id='word_1_80' title='bbox 456 1037 521 1078; x_wconf 83' lang='lat' dir='ltr'>non</span> <span class='ocrx_word' id='word_1_81' title='bbox 540 1024 665 1099; x_wconf 83' lang='lat' dir='ltr'>sperat,</span> <span class='ocrx_word' id='word_1_82' title='bbox 696 1022 729 1078; x_wconf 85' lang='lat' dir='ltr'>et</span> <span class='ocrx_word' id='word_1_83' title='bbox 750 1017 828 1078; x_wconf 74' lang='lat' dir='ltr'>liora</span> <span class='ocrx_word' id='word_1_84' title='bbox 850 1037 912 1098; x_wconf 85' lang='lat' dir='ltr'>qao</span> <span class='ocrx_word' id='word_1_85' title='bbox 933 1017 1099 1098; x_wconf 56' lang='lat' dir='ltr'>nescite),</span> <span class='ocrx_word' id='word_1_86' title='bbox 1126 1029 1159 1082; x_wconf 88' lang='lat' dir='ltr'>ot</span> <span class='ocrx_word' id='word_1_87' title='bbox 1185 1023 1237 1083; x_wconf 83' lang='lat' dir='ltr'>io-</span> 
     </span>
     <span class='ocr_line' id='line_1_10' title="bbox 89 1101 1238 1181; baseline 0.001 -14"><span class='ocrx_word' id='word_1_88' title='bbox 89 1105 203 1168; x_wconf 79' lang='lat' dir='ltr'>atilem</span> <span class='ocrx_word' id='word_1_89' title='bbox 224 1125 347 1166; x_wconf 83' lang='lat' dir='ltr'>saroam</span> <span class='ocrx_word' id='word_1_90' title='bbox 364 1106 473 1165; x_wconf 83' lang='lat' dir='ltr'>mittet</span> <span class='ocrx_word' id='word_1_91' title='bbox 494 1104 530 1166; x_wconf 80' lang='lat' dir='ltr'>in</span> <span class='ocrx_word' id='word_1_92' title='bbox 551 1101 697 1168; x_wconf 73' lang='lat' dir='ltr'>teneoras</span> <span class='ocrx_word' id='word_1_93' title='bbox 719 1105 913 1178; x_wconf 52' lang='lat' dir='ltr'>anteriorem</span> <span class='ocrx_word' id='word_1_94' title='bbox 939 1103 987 1166; x_wconf 83' lang='lat' dir='ltr'>ibi</span> <span class='ocrx_word' id='word_1_95' title='bbox 1008 1105 1071 1166; x_wconf 82' lang='lat' dir='ltr'>erit</span> <span class='ocrx_word' id='word_1_96' title='bbox 1082 1105 1183 1181; x_wconf 84' lang='lat' dir='ltr'>fletae</span> <span class='ocrx_word' id='word_1_97' title='bbox 1205 1111 1238 1168; x_wconf 84' lang='lat' dir='ltr'>et</span> 
     </span>
     <span class='ocr_line' id='line_1_11' title="bbox 89 1187 1240 1270; baseline 0.002 -18"><span class='ocrx_word' id='word_1_98' title='bbox 89 1192 211 1253; x_wconf 81' lang='lat' dir='ltr'>stridor</span> <span class='ocrx_word' id='word_1_99' title='bbox 231 1191 373 1252; x_wconf 71' lang='lat' dir='ltr'>datiam</span> <span class='ocrx_word' id='word_1_100' title='bbox 388 1188 430 1268; x_wconf 81' lang='lat'>⁵).</span> <span class='ocrx_word' id='word_1_101' title='bbox 482 1187 520 1250; x_wconf 88' lang='lat' dir='ltr'>Si</span> <span class='ocrx_word' id='word_1_102' title='bbox 542 1189 612 1270; x_wconf 89' lang='lat' dir='ltr'>quis</span> <span class='ocrx_word' id='word_1_103' title='bbox 633 1188 716 1248; x_wconf 90' lang='lat' dir='ltr'>enim</span> <span class='ocrx_word' id='word_1_104' title='bbox 735 1189 908 1268; x_wconf 89' lang='lat' dir='ltr'>posthanc</span> <span class='ocrx_word' id='word_1_105' title='bbox 929 1189 1138 1254; x_wconf 90' lang='lat' dir='ltr'>definitionem</span> <span class='ocrx_word' id='word_1_106' title='bbox 1164 1193 1240 1255; x_wconf 90' lang='lat' dir='ltr'>talia</span> 
     </span>
    </p>
   </div>
   <div class='ocr_carea' id='block_1_6' title="bbox 9 1273 1242 1359">
    <p class='ocr_par' dir='ltr' id='par_1_6' title="bbox 9 1273 1242 1359">
     <span class='ocr_line' id='line_1_12' title="bbox 9 1273 1242 1359; baseline 0.003 -23"><span class='ocrx_word' id='word_1_107' title='bbox 9 1297 10 1324; x_wconf 61' lang='lat' dir='ltr'>i</span> <span class='ocrx_word' id='word_1_108' title='bbox 89 1295 188 1359; x_wconf 87' lang='lat' dir='ltr'>agere</span> <span class='ocrx_word' id='word_1_109' title='bbox 209 1276 392 1356; x_wconf 89' lang='lat' dir='ltr'>tentaverit,</span> <span class='ocrx_word' id='word_1_110' title='bbox 419 1273 542 1336; x_wconf 92' lang='lat' dir='ltr'>noverit</span> <span class='ocrx_word' id='word_1_111' title='bbox 563 1291 600 1334; x_wconf 90' lang='lat' dir='ltr'>se</span> <span class='ocrx_word' id='word_1_112' title='bbox 622 1281 712 1335; x_wconf 87' lang='lat' dir='ltr'>extra</span> <span class='ocrx_word' id='word_1_113' title='bbox 733 1274 900 1336; x_wconf 88' lang='lat' dir='ltr'>ecclesiam</span> <span class='ocrx_word' id='word_1_114' title='bbox 921 1274 1003 1358; x_wconf 87' lang='lat' dir='ltr'>lieri,</span> <span class='ocrx_word' id='word_1_115' title='bbox 1030 1284 1063 1337; x_wconf 89' lang='lat' dir='ltr'>et</span> <span class='ocrx_word' id='word_1_116' title='bbox 1082 1279 1242 1356; x_wconf 78' lang='lat' dir='ltr'><strong>praesenti</strong></span> 
     </span>
    </p>
   </div>
   <div class='ocr_carea' id='block_1_7' title="bbox 89 1357 1242 1530">
    <p class='ocr_par' dir='ltr' id='par_1_7' title="bbox 89 1357 1242 1530">
     <span class='ocr_line' id='line_1_13' title="bbox 89 1357 1242 1443; baseline 0.002 -19"><span class='ocrx_word' id='word_1_117' title='bbox 89 1370 124 1424; x_wconf 90' lang='lat' dir='ltr'>et</span> <span class='ocrx_word' id='word_1_118' title='bbox 144 1362 246 1424; x_wconf 91' lang='lat' dir='ltr'>futuro</span> <span class='ocrx_word' id='word_1_119' title='bbox 262 1357 380 1442; x_wconf 90' lang='lat' dir='ltr'>judicio</span> <span class='ocrx_word' id='word_1_120' title='bbox 402 1378 473 1422; x_wconf 90' lang='lat' dir='ltr'>cnm</span> <span class='ocrx_word' id='word_1_121' title='bbox 494 1357 582 1421; x_wconf 88' lang='lat' dir='ltr'>Juda</span> <span class='ocrx_word' id='word_1_122' title='bbox 600 1358 692 1420; x_wconf 88' lang='lat' dir='ltr'>simili</span> <span class='ocrx_word' id='word_1_123' title='bbox 711 1377 814 1438; x_wconf 90' lang='lat' dir='ltr'>poena</span> <span class='ocrx_word' id='word_1_124' title='bbox 833 1361 974 1443; x_wconf 81' lang='lat' dir='ltr'>percelli,</span> <span class='ocrx_word' id='word_1_125' title='bbox 996 1360 1159 1426; x_wconf 89' lang='lat' dir='ltr'>dummodo</span> <span class='ocrx_word' id='word_1_126' title='bbox 1181 1363 1242 1426; x_wconf 91' lang='lat' dir='ltr'>do-</span> 
     </span>
     <span class='ocr_line' id='line_1_14' title="bbox 89 1443 1241 1530; baseline 0.001 -20"><span class='ocrx_word' id='word_1_127' title='bbox 89 1448 206 1510; x_wconf 89' lang='lat' dir='ltr'>minum</span> <span class='ocrx_word' id='word_1_128' title='bbox 226 1447 329 1510; x_wconf 92' lang='lat' dir='ltr'>denuo</span> <span class='ocrx_word' id='word_1_129' title='bbox 349 1443 533 1527; x_wconf 84' lang='lat' dir='ltr'>proditionis</span> <span class='ocrx_word' id='word_1_130' title='bbox 551 1445 651 1526; x_wconf 90' lang='lat' dir='ltr'>pretio</span> <span class='ocrx_word' id='word_1_131' title='bbox 673 1443 780 1506; x_wconf 89' lang='lat' dir='ltr'>maluit</span> <span class='ocrx_word' id='word_1_132' title='bbox 800 1443 841 1507; x_wconf 90' lang='lat' dir='ltr'>ad</span> <span class='ocrx_word' id='word_1_133' title='bbox 859 1445 1049 1510; x_wconf 83' lang='lat' dir='ltr'>iracundiam</span> <span class='ocrx_word' id='word_1_134' title='bbox 1069 1450 1241 1530; x_wconf 87' lang='lat' dir='ltr'>provocari.</span> 
     </span>
    </p>
   </div>
   <div class='ocr_carea' id='block_1_8' title="bbox 92 1562 1242 1733">
    <p class='ocr_par' dir='ltr' id='par_1_8' title="bbox 92 1562 1242 1733">
     <span class='ocr_line' id='line_1_15' title="bbox 175 1562 1242 1646; baseline 0.004 -20"><span class='ocrx_word' id='word_1_135' title='bbox 175 1562 357 1645; x_wconf 78' lang='lat' dir='ltr'>opitulante</span> <span class='ocrx_word' id='word_1_136' title='bbox 378 1564 576 1626; x_wconf 88' lang='lat' dir='ltr'>miseratione</span> <span class='ocrx_word' id='word_1_137' title='bbox 597 1562 704 1625; x_wconf 86' lang='lat' dir='ltr'>divina</span> <span class='ocrx_word' id='word_1_138' title='bbox 723 1570 758 1624; x_wconf 89' lang='lat' dir='ltr'>et</span> <span class='ocrx_word' id='word_1_139' title='bbox 777 1563 992 1646; x_wconf 85' lang='lat' dir='ltr'>gloriosissimi</span> <span class='ocrx_word' id='word_1_140' title='bbox 1013 1565 1242 1630; x_wconf 88' lang='lat' dir='ltr'>Reccesvinthi</span> 
     </span>
     <span class='ocr_line' id='line_1_16' title="bbox 92 1649 1242 1733; baseline 0.003 -22"><span class='ocrx_word' id='word_1_141' title='bbox 92 1650 243 1732; x_wconf 87' lang='lat' dir='ltr'>principis</span> <span class='ocrx_word' id='word_1_142' title='bbox 264 1650 443 1711; x_wconf 78' lang='lat' dir='ltr'>inhaerente</span> <span class='ocrx_word' id='word_1_143' title='bbox 463 1649 628 1710; x_wconf 84' lang='lat' dir='ltr'>voluntate</span> <span class='ocrx_word' id='word_1_144' title='bbox 648 1649 805 1731; x_wconf 84' lang='lat' dir='ltr'>religiosa,</span> <span class='ocrx_word' id='word_1_145' title='bbox 826 1649 876 1712; x_wconf 89' lang='lat' dir='ltr'>his</span> <span class='ocrx_word' id='word_1_146' title='bbox 897 1653 1001 1733; x_wconf 88' lang='lat' dir='ltr'>gestis</span> <span class='ocrx_word' id='word_1_147' title='bbox 1018 1652 1242 1717; x_wconf 80' lang='lat' dir='ltr'>decentissime</span> 
     </span>
    </p>
   </div>
   <div class='ocr_carea' id='block_1_9' title="bbox 75 1733 1241 1818">
    <p class='ocr_par' dir='ltr' id='par_1_9' title="bbox 75 1733 1241 1818">
     <span class='ocr_line' id='line_1_17' title="bbox 75 1733 1241 1818; baseline 0.003 -22"><span class='ocrx_word' id='word_1_148' title='bbox 75 1735 232 1818; x_wconf 64' lang='lat' dir='ltr'>‘alligatis</span> <span class='ocrx_word' id='word_1_149' title='bbox 255 1743 287 1796; x_wconf 92' lang='lat' dir='ltr'>et</span> <span class='ocrx_word' id='word_1_150' title='bbox 308 1735 340 1794; x_wconf 91' lang='lat' dir='ltr'>in</span> <span class='ocrx_word' id='word_1_151' title='bbox 359 1753 440 1815; x_wconf 88' lang='lat' dir='ltr'>pace</span> <span class='ocrx_word' id='word_1_152' title='bbox 460 1735 628 1816; x_wconf 88' lang='lat' dir='ltr'>connexis,</span> <span class='ocrx_word' id='word_1_153' title='bbox 657 1753 699 1796; x_wconf 88' lang='lat' dir='ltr'>ex</span> <span class='ocrx_word' id='word_1_154' title='bbox 718 1733 794 1795; x_wconf 90' lang='lat' dir='ltr'>totis</span> <span class='ocrx_word' id='word_1_155' title='bbox 813 1736 1060 1814; x_wconf 83' lang='lat' dir='ltr'>praecordiorum</span> <span class='ocrx_word' id='word_1_156' title='bbox 1079 1737 1241 1818; x_wconf 66' lang='lat' dir='ltr'>abditisfl)</span> 
     </span>
    </p>
   </div>
   <div class='ocr_carea' id='block_1_10' title="bbox 90 1819 1246 2674">
    <p class='ocr_par' dir='ltr' id='par_1_10' title="bbox 90 1819 1246 2674">
     <span class='ocr_line' id='line_1_18' title="bbox 94 1819 1244 1904; baseline 0.003 -21"><span class='ocrx_word' id='word_1_157' title='bbox 94 1819 205 1883; x_wconf 90' lang='lat' dir='ltr'>damus</span> <span class='ocrx_word' id='word_1_158' title='bbox 232 1820 362 1902; x_wconf 82' lang='lat' dir='ltr'>gloriam</span> <span class='ocrx_word' id='word_1_159' title='bbox 390 1828 425 1882; x_wconf 89' lang='lat' dir='ltr'>et</span> <span class='ocrx_word' id='word_1_160' title='bbox 450 1819 597 1882; x_wconf 86' lang='lat' dir='ltr'>honorem</span> <span class='ocrx_word' id='word_1_161' title='bbox 618 1819 677 1880; x_wconf 86' lang='lat' dir='ltr'>soli</span> <span class='ocrx_word' id='word_1_162' title='bbox 697 1827 824 1880; x_wconf 88' lang='lat' dir='ltr'>aeterno</span> <span class='ocrx_word' id='word_1_163' title='bbox 846 1829 880 1882; x_wconf 91' lang='lat' dir='ltr'>et</span> <span class='ocrx_word' id='word_1_164' title='bbox 899 1822 1061 1884; x_wconf 90' lang='lat' dir='ltr'>immortali</span> <span class='ocrx_word' id='word_1_165' title='bbox 1082 1823 1141 1885; x_wconf 90' lang='lat' dir='ltr'>deo</span> <span class='ocrx_word' id='word_1_166' title='bbox 1162 1825 1244 1904; x_wconf 84' lang='lat' dir='ltr'>patri</span> 
     </span>
     <span class='ocr_line' id='line_1_19' title="bbox 93 1903 1244 1992; baseline 0.003 -24"><span class='ocrx_word' id='word_1_167' title='bbox 93 1915 128 1968; x_wconf 90' lang='lat' dir='ltr'>et</span> <span class='ocrx_word' id='word_1_168' title='bbox 148 1905 212 1968; x_wconf 83' lang='lat' dir='ltr'>filio</span> <span class='ocrx_word' id='word_1_169' title='bbox 235 1914 268 1966; x_wconf 91' lang='lat' dir='ltr'>et</span> <span class='ocrx_word' id='word_1_170' title='bbox 288 1905 408 1985; x_wconf 89' lang='lat' dir='ltr'>spiritui</span> <span class='ocrx_word' id='word_1_171' title='bbox 428 1913 550 1986; x_wconf 80' lang='lat' dir='ltr'>sancto,</span> <span class='ocrx_word' id='word_1_172' title='bbox 568 1903 658 1986; x_wconf 85' lang='lat' dir='ltr'>cujus</span> <span class='ocrx_word' id='word_1_173' title='bbox 673 1904 756 1966; x_wconf 93' lang='lat' dir='ltr'>dono</span> <span class='ocrx_word' id='word_1_174' title='bbox 771 1905 917 1968; x_wconf 87' lang='lat' dir='ltr'>collatum</span> <span class='ocrx_word' id='word_1_175' title='bbox 933 1909 1022 1970; x_wconf 89' lang='lat' dir='ltr'>nobis</span> <span class='ocrx_word' id='word_1_176' title='bbox 1040 1907 1244 1992; x_wconf 85' lang='lat' dir='ltr'>agnoscimus</span> 
     </span>
     <span class='ocr_line' id='line_1_20' title="bbox 91 1989 1243 2076; baseline 0.004 -24"><span class='ocrx_word' id='word_1_177' title='bbox 91 2011 148 2072; x_wconf 89' lang='lat' dir='ltr'>pro</span> <span class='ocrx_word' id='word_1_178' title='bbox 179 1989 248 2070; x_wconf 82' lang='lat' dir='ltr'>ejus</span> <span class='ocrx_word' id='word_1_179' title='bbox 273 1991 432 2052; x_wconf 88' lang='lat' dir='ltr'>ecclesiae</span> <span class='ocrx_word' id='word_1_180' title='bbox 459 1999 600 2052; x_wconf 90' lang='lat' dir='ltr'>statuet</span> <span class='ocrx_word' id='word_1_181' title='bbox 624 1999 765 2070; x_wconf 90' lang='lat' dir='ltr'>prompte</span> <span class='ocrx_word' id='word_1_182' title='bbox 786 2009 897 2073; x_wconf 81' lang='lat' dir='ltr'>gerere</span> <span class='ocrx_word' id='word_1_183' title='bbox 918 2011 1021 2057; x_wconf 89' lang='lat' dir='ltr'>curam</span> <span class='ocrx_word' id='word_1_184' title='bbox 1044 2004 1077 2056; x_wconf 92' lang='lat' dir='ltr'>et</span> <span class='ocrx_word' id='word_1_185' title='bbox 1097 2013 1194 2076; x_wconf 86' lang='lat' dir='ltr'>posse</span> <span class='ocrx_word' id='word_1_186' title='bbox 1209 1994 1243 2075; x_wconf 82' lang='lat' dir='ltr'>t)</span> 
     </span>
     <span class='ocr_line' id='line_1_21' title="bbox 90 2075 1244 2161; baseline 0.003 -21"><span class='ocrx_word' id='word_1_187' title='bbox 90 2077 175 2140; x_wconf 86' lang='lat' dir='ltr'>sacri</span> <span class='ocrx_word' id='word_1_188' title='bbox 200 2075 359 2160; x_wconf 85' lang='lat' dir='ltr'>regiminis</span> <span class='ocrx_word' id='word_1_189' title='bbox 385 2077 596 2156; x_wconf 87' lang='lat' dir='ltr'>competentia</span> <span class='ocrx_word' id='word_1_190' title='bbox 622 2075 786 2156; x_wconf 89' lang='lat' dir='ltr'>disponere</span> <span class='ocrx_word' id='word_1_191' title='bbox 809 2075 896 2159; x_wconf 89' lang='lat' dir='ltr'>jura,</span> <span class='ocrx_word' id='word_1_192' title='bbox 927 2097 1029 2160; x_wconf 87' lang='lat' dir='ltr'>aquo</span> <span class='ocrx_word' id='word_1_193' title='bbox 1054 2081 1189 2161; x_wconf 89' lang='lat' dir='ltr'>petimus</span> <span class='ocrx_word' id='word_1_194' title='bbox 1210 2089 1244 2144; x_wconf 90' lang='lat' dir='ltr'>et</span> 
     </span>
     <span class='ocr_line' id='line_1_22' title="bbox 91 2160 1245 2242; baseline 0.005 -18"><span class='ocrx_word' id='word_1_195' title='bbox 91 2171 252 2242; x_wconf 89' lang='lat' dir='ltr'>optamus,</span> <span class='ocrx_word' id='word_1_196' title='bbox 272 2170 308 2222; x_wconf 90' lang='lat' dir='ltr'>nt</span> <span class='ocrx_word' id='word_1_197' title='bbox 328 2169 472 2242; x_wconf 87' lang='lat' dir='ltr'>porrecta</span> <span class='ocrx_word' id='word_1_198' title='bbox 492 2162 524 2223; x_wconf 91' lang='lat' dir='ltr'>in</span> <span class='ocrx_word' id='word_1_199' title='bbox 544 2161 769 2242; x_wconf 89' lang='lat' dir='ltr'>longitudinem</span> <span class='ocrx_word' id='word_1_200' title='bbox 781 2160 815 2242; x_wconf 83' lang='lat'>⁸)</span> <span class='ocrx_word' id='word_1_201' title='bbox 842 2163 977 2226; x_wconf 86' lang='lat' dir='ltr'>felicium</span> <span class='ocrx_word' id='word_1_202' title='bbox 996 2165 1113 2228; x_wconf 88' lang='lat' dir='ltr'>dierum</span> <span class='ocrx_word' id='word_1_203' title='bbox 1134 2185 1245 2230; x_wconf 87' lang='lat' dir='ltr'>sacra-</span> 
     </span>
     <span class='ocr_line' id='line_1_23' title="bbox 92 2245 1246 2333; baseline 0.005 -24"><span class='ocrx_word' id='word_1_204' title='bbox 92 2247 206 2309; x_wconf 88' lang='lat' dir='ltr'>tissimi</span> <span class='ocrx_word' id='word_1_205' title='bbox 226 2247 373 2327; x_wconf 89' lang='lat' dir='ltr'>principis</span> <span class='ocrx_word' id='word_1_206' title='bbox 392 2248 462 2308; x_wconf 88' lang='lat' dir='ltr'>vita</span> <span class='ocrx_word' id='word_1_207' title='bbox 482 2245 559 2325; x_wconf 79' lang='lat' dir='ltr'>et⁰)</span> <span class='ocrx_word' id='word_1_208' title='bbox 578 2247 660 2308; x_wconf 90' lang='lat' dir='ltr'>omni</span> <span class='ocrx_word' id='word_1_209' title='bbox 680 2247 844 2330; x_wconf 86' lang='lat' dir='ltr'>gloriarum</span> <span class='ocrx_word' id='word_1_210' title='bbox 865 2248 979 2312; x_wconf 91' lang='lat' dir='ltr'>decore</span> <span class='ocrx_word' id='word_1_211' title='bbox 999 2253 1151 2332; x_wconf 88' lang='lat' dir='ltr'>perpetim</span> <span class='ocrx_word' id='word_1_212' title='bbox 1172 2253 1246 2333; x_wconf 93' lang='lat' dir='ltr'>pol-</span> 
     </span>
     <span class='ocr_line' id='line_1_24' title="bbox 92 2330 1244 2415; baseline 0.008 -22"><span class='ocrx_word' id='word_1_213' title='bbox 92 2330 225 2408; x_wconf 74' lang='lat' dir='ltr'>lent00)</span> <span class='ocrx_word' id='word_1_214' title='bbox 244 2332 364 2411; x_wconf 90' lang='lat' dir='ltr'>salute,</span> <span class='ocrx_word' id='word_1_215' title='bbox 390 2333 480 2394; x_wconf 90' lang='lat' dir='ltr'>nobis</span> <span class='ocrx_word' id='word_1_216' title='bbox 500 2348 624 2413; x_wconf 89' lang='lat' dir='ltr'>quoqne</span> <span class='ocrx_word' id='word_1_217' title='bbox 645 2333 759 2395; x_wconf 87' lang='lat' dir='ltr'>tribuat</span> <span class='ocrx_word' id='word_1_218' title='bbox 780 2344 964 2415; x_wconf 87' lang='lat' dir='ltr'>susceptum</span> <span class='ocrx_word' id='word_1_219' title='bbox 985 2338 1143 2400; x_wconf 88' lang='lat' dir='ltr'>ecclesiae</span> <span class='ocrx_word' id='word_1_220' title='bbox 1165 2357 1244 2402; x_wconf 88' lang='lat' dir='ltr'>suae</span> 
     </span>
     <span class='ocr_line' id='line_1_25' title="bbox 93 2416 1245 2504; baseline 0.007 -26"><span class='ocrx_word' id='word_1_221' title='bbox 93 2417 235 2497; x_wconf 87' lang='lat' dir='ltr'>regimen</span> <span class='ocrx_word' id='word_1_222' title='bbox 262 2417 295 2477; x_wconf 90' lang='lat' dir='ltr'>in</span> <span class='ocrx_word' id='word_1_223' title='bbox 321 2418 480 2498; x_wconf 85' lang='lat' dir='ltr'>aequitate</span> <span class='ocrx_word' id='word_1_224' title='bbox 508 2416 689 2498; x_wconf 86' lang='lat' dir='ltr'>disponere,</span> <span class='ocrx_word' id='word_1_225' title='bbox 719 2419 751 2480; x_wconf 93' lang='lat' dir='ltr'>in</span> <span class='ocrx_word' id='word_1_226' title='bbox 778 2420 986 2483; x_wconf 89' lang='lat' dir='ltr'>sollicitudine</span> <span class='ocrx_word' id='word_1_227' title='bbox 1012 2424 1186 2504; x_wconf 90' lang='lat' dir='ltr'>gubernare</span> <span class='ocrx_word' id='word_1_228' title='bbox 1210 2433 1245 2486; x_wconf 93' lang='lat' dir='ltr'>et</span> 
     </span>
     <span class='ocr_line' id='line_1_26' title="bbox 93 2500 1244 2590; baseline 0.008 -27"><span class='ocrx_word' id='word_1_229' title='bbox 93 2500 128 2563; x_wconf 91' lang='lat' dir='ltr'>in</span> <span class='ocrx_word' id='word_1_230' title='bbox 147 2509 227 2581; x_wconf 82' lang='lat' dir='ltr'>pace</span> <span class='ocrx_word' id='word_1_231' title='bbox 248 2508 366 2584; x_wconf 90' lang='lat' dir='ltr'>tenere,</span> <span class='ocrx_word' id='word_1_232' title='bbox 387 2510 423 2564; x_wconf 88' lang='lat' dir='ltr'>ut</span> <span class='ocrx_word' id='word_1_233' title='bbox 442 2511 515 2583; x_wconf 92' lang='lat' dir='ltr'>post</span> <span class='ocrx_word' id='word_1_234' title='bbox 536 2502 642 2564; x_wconf 91' lang='lat' dir='ltr'>mundi</span> <span class='ocrx_word' id='word_1_235' title='bbox 662 2501 755 2584; x_wconf 89' lang='lat' dir='ltr'>hujns</span> <span class='ocrx_word' id='word_1_236' title='bbox 775 2506 1148 2588; x_wconf 83' lang='lat' dir='ltr'>suscepte1⁰)pericula</span> <span class='ocrx_word' id='word_1_237' title='bbox 1168 2527 1244 2590; x_wconf 88' lang='lat' dir='ltr'>pcr-</span> 
     </span>
     <span class='ocr_line' id='line_1_27' title="bbox 92 2586 895 2674; baseline 0.007 -27"><span class='ocrx_word' id='word_1_238' title='bbox 92 2586 204 2650; x_wconf 85' lang='lat' dir='ltr'>venire</span> <span class='ocrx_word' id='word_1_239' title='bbox 221 2588 379 2670; x_wconf 88' lang='lat' dir='ltr'>possimus</span> <span class='ocrx_word' id='word_1_240' title='bbox 399 2586 441 2652; x_wconf 88' lang='lat' dir='ltr'>ad</span> <span class='ocrx_word' id='word_1_241' title='bbox 461 2588 615 2653; x_wconf 90' lang='lat' dir='ltr'>coelestia</span> <span class='ocrx_word' id='word_1_242' title='bbox 635 2607 743 2674; x_wconf 85' lang='lat' dir='ltr'>regna.</span> <span class='ocrx_word' id='word_1_243' title='bbox 784 2592 895 2656; x_wconf 86' lang='lat' dir='ltr'>Amen.</span> 
     </span>
    </p>
   </div>
   <div class='ocr_carea' id='block_1_11' title="bbox 174 3223 1174 3324">
    <p class='ocr_par' dir='ltr' id='par_1_11' title="bbox 174 3223 1174 3324">
     <span class='ocr_line' id='line_1_28' title="bbox 174 3223 1174 3324; baseline 0.012 -12"><span class='ocrx_word' id='word_1_244' title='bbox 174 3231 468 3316; x_wconf 83' lang='lat' dir='ltr'>concnrun</span> <span class='ocrx_word' id='word_1_245' title='bbox 493 3240 831 3318; x_wconf 74' lang='lat' dir='ltr'>uocnnhnnn</span> <span class='ocrx_word' id='word_1_246' title='bbox 854 3223 1174 3324; x_wconf 76' lang='lat' dir='ltr'>eucnemon</span> 
     </span>
    </p>
   </div>
   <div class='ocr_carea' id='block_1_12' title="bbox 93 3370 1248 3701">
    <p class='ocr_par' dir='ltr' id='par_1_12' title="bbox 93 3370 1248 3701">
     <span class='ocr_line' id='line_1_29' title="bbox 94 3370 1247 3458; baseline 0.016 -26"><span class='ocrx_word' id='word_1_247' title='bbox 94 3370 248 3434; x_wconf 77' lang='lat' dir='ltr'>Ducum</span> <span class='ocrx_word' id='word_1_248' title='bbox 262 3375 320 3437; x_wconf 81' lang='grc' dir='ltr'>ΕΤ</span> <span class='ocrx_word' id='word_1_249' title='bbox 337 3376 514 3442; x_wconf 77' lang='lat' dir='ltr'>SEPTEM</span> <span class='ocrx_word' id='word_1_250' title='bbox 530 3378 854 3442; x_wconf 77' lang='lat' dir='ltr'>EPISCOPORUMl</span> <span class='ocrx_word' id='word_1_251' title='bbox 864 3378 897 3458; x_wconf 86' lang='grc'>1)</span> <span class='ocrx_word' id='word_1_252' title='bbox 910 3382 1108 3448; x_wconf 79' lang='lat' dir='ltr'>HABIuUM</span> <span class='ocrx_word' id='word_1_253' title='bbox 1122 3384 1247 3450; x_wconf 90' lang='lat' dir='ltr'><strong>ANNO</strong></span> 
     </span>
     <span class='ocr_line' id='line_1_30' title="bbox 93 3454 1248 3555; baseline 0.017 -36"><span class='ocrx_word' id='word_1_254' title='bbox 93 3454 272 3536; x_wconf 80' lang='lat' dir='ltr'><strong>QUARTO</strong></span> <span class='ocrx_word' id='word_1_255' title='bbox 302 3461 441 3526; x_wconf 77' lang='lat' dir='ltr'><strong>REGNI</strong></span> <span class='ocrx_word' id='word_1_256' title='bbox 462 3462 666 3529; x_wconf 74' lang='lat' dir='ltr'>Gnonrosl</span> <span class='ocrx_word' id='word_1_257' title='bbox 691 3465 907 3529; x_wconf 82' lang='lat' dir='ltr'>PRlNCIPIS</span> <span class='ocrx_word' id='word_1_258' title='bbox 928 3467 1248 3555; x_wconf 79' lang='lat' dir='ltr'><strong>WAMBANIS12)</strong></span> 
     </span>
     <span class='ocr_line' id='line_1_31' title="bbox 147 3544 1157 3701; baseline 0.014 -94"><span class='ocrx_word' id='word_1_259' title='bbox 147 3635 150 3642; x_wconf 16' lang='grc' dir='ltr'><strong>Α</strong></span> <span class='ocrx_word' id='word_1_260' title='bbox 202 3637 204 3642; x_wconf 22' lang='grc' dir='ltr'>Ι</span> <span class='ocrx_word' id='word_1_261' title='bbox 245 3544 326 3608; x_wconf 85' lang='lat' dir='ltr'>SUB</span> <span class='ocrx_word' id='word_1_262' title='bbox 345 3547 417 3611; x_wconf 80' lang='lat' dir='ltr'>Dru</span> <span class='ocrx_word' id='word_1_263' title='bbox 438 3549 627 3700; x_wconf 44' lang='lat' dir='ltr'>swicqhii)</span> <span class='ocrx_word' id='word_1_264' title='bbox 640 3549 1101 3701; x_wconf 42' lang='lat' dir='ltr'>fflxffllirwfflfflfflffl</span> <span class='ocrx_word' id='word_1_265' title='bbox 1153 3579 1157 3586; x_wconf 67' lang='grc'><em>’</em></span> 
     </span>
    </p>
   </div>
   <div class='ocr_carea' id='block_1_13' title="bbox 94 3857 1248 4178">
    <p class='ocr_par' dir='ltr' id='par_1_13' title="bbox 94 3857 1248 4178">
     <span class='ocr_line' id='line_1_32' title="bbox 95 3857 1248 4011; baseline 0.026 -51"><span class='ocrx_word' id='word_1_266' title='bbox 95 3857 150 3961; x_wconf 80' lang='lat' dir='ltr'>In</span> <span class='ocrx_word' id='word_1_267' title='bbox 176 3905 307 4011; x_wconf 30' lang='lat' dir='ltr'>‘nomine</span> <span class='ocrx_word' id='word_1_268' title='bbox 339 3919 470 3976; x_wconf 88' lang='lat' dir='ltr'>sanctae</span> <span class='ocrx_word' id='word_1_269' title='bbox 501 3913 647 3980; x_wconf 87' lang='lat' dir='ltr'>trinitatis</span> <span class='ocrx_word' id='word_1_270' title='bbox 680 3911 822 3981; x_wconf 88' lang='lat' dir='ltr'>collectis</span> <span class='ocrx_word' id='word_1_271' title='bbox 856 3915 888 3980; x_wconf 92' lang='lat' dir='ltr'>in</span> <span class='ocrx_word' id='word_1_272' title='bbox 921 3935 1015 3982; x_wconf 86' lang='lat' dir='ltr'>unum</span> <span class='ocrx_word' id='word_1_273' title='bbox 1046 3919 1248 4008; x_wconf 85' lang='lat' dir='ltr'>Carthaginis</span> 
     </span>
     <span class='ocr_line' id='line_1_33' title="bbox 95 3999 1248 4084; baseline 0.025 -30"><span class='ocrx_word' id='word_1_274' title='bbox 95 3999 277 4074; x_wconf 78' lang='lat' dir='ltr'>provinciae</span> <span class='ocrx_word' id='word_1_275' title='bbox 302 4003 521 4068; x_wconf 84' lang='lat' dir='ltr'>sacerdotibus</span> <span class='ocrx_word' id='word_1_276' title='bbox 547 4009 579 4070; x_wconf 91' lang='lat' dir='ltr'>in</span> <span class='ocrx_word' id='word_1_277' title='bbox 599 4009 754 4072; x_wconf 77' lang='lat' dir='ltr'>Toletana</span> <span class='ocrx_word' id='word_1_278' title='bbox 778 4011 855 4073; x_wconf 87' lang='lat' dir='ltr'>urbe</span> <span class='ocrx_word' id='word_1_279' title='bbox 874 4011 913 4074; x_wconf 87' lang='lat' dir='ltr'>in.</span> <span class='ocrx_word' id='word_1_280' title='bbox 927 4014 1040 4076; x_wconf 85' lang='lat' dir='ltr'>heatae</span> <span class='ocrx_word' id='word_1_281' title='bbox 1059 4020 1167 4082; x_wconf 76' lang='lat' dir='ltr'>mauis</span> <span class='ocrx_word' id='word_1_282' title='bbox 1187 4021 1248 4084; x_wconf 94' lang='lat' dir='ltr'>do-</span> 
     </span>
     <span class='ocr_line' id='line_1_34' title="bbox 94 4080 1247 4178; baseline 0.027 -38"><span class='ocrx_word' id='word_1_283' title='bbox 94 4080 170 4142; x_wconf 89' lang='lat' dir='ltr'>mini</span> <span class='ocrx_word' id='word_1_284' title='bbox 188 4083 310 4148; x_wconf 87' lang='lat' dir='ltr'>Mariae</span> <span class='ocrx_word' id='word_1_285' title='bbox 330 4089 462 4172; x_wconf 85' lang='lat' dir='ltr'>virginis</span> <span class='ocrx_word' id='word_1_286' title='bbox 483 4092 579 4176; x_wconf 83' lang='lat' dir='ltr'>sede,</span> <span class='ocrx_word' id='word_1_287' title='bbox 604 4113 687 4158; x_wconf 89' lang='lat' dir='ltr'>anno</span> <span class='ocrx_word' id='word_1_288' title='bbox 708 4103 818 4178; x_wconf 87' lang='lat' dir='ltr'>quarto</span> <span class='ocrx_word' id='word_1_289' title='bbox 840 4099 1096 4166; x_wconf 84' lang='lat' dir='ltr'>excellentissimi</span> <span class='ocrx_word' id='word_1_290' title='bbox 1118 4113 1152 4168; x_wconf 91' lang='lat' dir='ltr'>et</span> <span class='ocrx_word' id='word_1_291' title='bbox 1172 4108 1247 4171; x_wconf 93' lang='lat' dir='ltr'>reli-</span> 
     </span>
    </p>
   </div>
   <div class='ocr_carea' id='block_1_14' title="bbox 95 4255 295 4274">
    <p class='ocr_par' dir='ltr' id='par_1_14' title="bbox 95 4255 295 4274">
     <span class='ocr_line' id='line_1_35' title="bbox 95 4255 295 4274; baseline 0.005 -1"><span class='ocrx_word' id='word_1_292' title='bbox 95 4255 295 4274; x_wconf 56' lang='lat'><strong>*¹⁸¹*-</strong></span> 
     </span>
    </p>
   </div>
   <div class='ocr_carea' id='block_1_15' title="bbox 110 4334 1248 4798">
    <p class='ocr_par' dir='ltr' id='par_1_15' title="bbox 110 4334 1248 4798">
     <span class='ocr_line' id='line_1_36' title="bbox 130 4334 1248 4441; baseline 0.025 -39"><span class='ocrx_word' id='word_1_293' title='bbox 130 4349 160 4417; x_wconf 80' lang='grc' dir='ltr'>ι)</span> <span class='ocrx_word' id='word_1_294' title='bbox 175 4339 274 4406; x_wconf 71' lang='lat' dir='ltr'>&#39;naen</span> <span class='ocrx_word' id='word_1_295' title='bbox 289 4355 334 4419; x_wconf 86' lang='lat'>21,</span> <span class='ocrx_word' id='word_1_296' title='bbox 351 4355 396 4410; x_wconf 84' lang='lat' dir='ltr'>ee.</span> <span class='ocrx_word' id='word_1_297' title='bbox 409 4356 455 4412; x_wconf 77' lang='lat' dir='ltr'>to.</span> <span class='ocrx_word' id='word_1_298' title='bbox 467 4359 511 4414; x_wconf 79' lang='lat'>41.</span> <span class='ocrx_word' id='word_1_299' title='bbox 545 4388 594 4417; x_wconf 85' lang='grc'>-,,</span> <span class='ocrx_word' id='word_1_300' title='bbox 618 4362 647 4430; x_wconf 76' lang='lat'>2)</span> <span class='ocrx_word' id='word_1_301' title='bbox 664 4358 757 4421; x_wconf 75' lang='lat' dir='ltr'>matth,</span> <span class='ocrx_word' id='word_1_302' title='bbox 773 4363 819 4428; x_wconf 76' lang='lat' dir='ltr'>ao,</span> <span class='ocrx_word' id='word_1_303' title='bbox 835 4363 869 4418; x_wconf 80' lang='lat'>41</span> <span class='ocrx_word' id='word_1_304' title='bbox 887 4371 914 4420; x_wconf 78' lang='lat' dir='ltr'>et</span> <span class='ocrx_word' id='word_1_305' title='bbox 931 4367 975 4432; x_wconf 81' lang='lat' dir='ltr'>or,</span> <span class='ocrx_word' id='word_1_306' title='bbox 991 4341 1044 4426; x_wconf 74' lang='lat' dir='ltr'>eo..</span> <span class='ocrx_word' id='word_1_307' title='bbox 1069 4397 1105 4412; x_wconf 77' lang='grc'>-</span> <span class='ocrx_word' id='word_1_308' title='bbox 1140 4334 1169 4441; x_wconf 69' lang='lat' dir='ltr'>rs)</span> <span class='ocrx_word' id='word_1_309' title='bbox 1187 4390 1248 4430; x_wconf 64' lang='lat' dir='ltr'>esu</span> 
     </span>
     <span class='ocr_line' id='line_1_37' title="bbox 162 4423 1246 4506; baseline 0.027 -34"><span class='ocrx_word' id='word_1_310' title='bbox 162 4429 248 4474; x_wconf 84' lang='lat' dir='ltr'>catere</span> <span class='ocrx_word' id='word_1_311' title='bbox 259 4423 298 4476; x_wconf 84' lang='lat' dir='ltr'>M.</span> <span class='ocrx_word' id='word_1_312' title='bbox 324 4453 361 4467; x_wconf 41' lang='grc' dir='ltr'><strong>ψ</strong></span> <span class='ocrx_word' id='word_1_313' title='bbox 396 4427 426 4498; x_wconf 81' lang='lat'>⁴)</span> <span class='ocrx_word' id='word_1_314' title='bbox 437 4431 540 4495; x_wconf 65' lang='lat' dir='ltr'>ignorat</span> <span class='ocrx_word' id='word_1_315' title='bbox 557 4431 590 4486; x_wconf 81' lang='lat' dir='ltr'>E.</span> <span class='ocrx_word' id='word_1_316' title='bbox 602 4428 629 4482; x_wconf 76' lang='lat'>4·</span> <span class='ocrx_word' id='word_1_317' title='bbox 643 4423 717 4490; x_wconf 61' lang='lat' dir='ltr'>‹Tel-r</span> <span class='ocrx_word' id='word_1_318' title='bbox 726 4435 762 4496; x_wconf 65' lang='grc'>2.,</span> <span class='ocrx_word' id='word_1_319' title='bbox 774 4439 800 4488; x_wconf 87' lang='lat' dir='ltr'>et</span> <span class='ocrx_word' id='word_1_320' title='bbox 809 4431 847 4488; x_wconf 82' lang='grc' dir='ltr'>Μ.</span> <span class='ocrx_word' id='word_1_321' title='bbox 858 4463 906 4494; x_wconf 63' lang='grc' dir='ltr'>«τ-</span> <span class='ocrx_word' id='word_1_322' title='bbox 943 4437 971 4504; x_wconf 68' lang='grc'>5)</span> <span class='ocrx_word' id='word_1_323' title='bbox 988 4437 1082 4496; x_wconf 83' lang='lat' dir='ltr'>Matth.</span> <span class='ocrx_word' id='word_1_324' title='bbox 1094 4441 1138 4506; x_wconf 82' lang='lat'>24,</span> <span class='ocrx_word' id='word_1_325' title='bbox 1150 4445 1246 4500; x_wconf 69' lang='lat' dir='ltr'>scol.</span> 
     </span>
     <span class='ocr_line' id='line_1_38' title="bbox 130 4487 1247 4630; baseline 0.028 -90"><span class='ocrx_word' id='word_1_326' title='bbox 130 4487 161 4625; x_wconf 57' lang='lat'>:3</span> <span class='ocrx_word' id='word_1_327' title='bbox 178 4493 319 4610; x_wconf 37' lang='lat' dir='ltr'>{goatha</span> <span class='ocrx_word' id='word_1_328' title='bbox 329 4511 379 4630; x_wconf 45' lang='lat'>‘112</span> <span class='ocrx_word' id='word_1_329' title='bbox 378 4511 413 4556; x_wconf 72' lang='lat' dir='ltr'>nr</span> <span class='ocrx_word' id='word_1_330' title='bbox 430 4499 469 4555; x_wconf 87' lang='lat' dir='ltr'>M.</span> <span class='ocrx_word' id='word_1_331' title='bbox 502 4497 738 4624; x_wconf 36' lang='lat' dir='ltr'>7¹5.eran</span> <span class='ocrx_word' id='word_1_332' title='bbox 751 4503 818 4608; x_wconf 76' lang='lat' dir='ltr'>ibid.</span> <span class='ocrx_word' id='word_1_333' title='bbox 853 4505 953 4584; x_wconf 34' lang='lat' dir='ltr'>anst)</span> <span class='ocrx_word' id='word_1_334' title='bbox 972 4509 1127 4576; x_wconf 65' lang='lat' dir='ltr'>longitudine</span> <span class='ocrx_word' id='word_1_335' title='bbox 1143 4514 1181 4568; x_wconf 80' lang='lat' dir='ltr'>ll.</span> <span class='ocrx_word' id='word_1_336' title='bbox 1212 4546 1247 4558; x_wconf 85' lang='lat'>-</span> 
     </span>
     <span class='ocr_line' id='line_1_39' title="bbox 110 4571 1213 4718; baseline 0.023 -40"><span class='ocrx_word' id='word_1_337' title='bbox 110 4627 163 4695; x_wconf 73' lang='grc' dir='ltr'>ιι)</span> <span class='ocrx_word' id='word_1_338' title='bbox 179 4576 347 4702; x_wconf 47' lang='lat' dir='ltr'>ehad,</span> <span class='ocrx_word' id='word_1_339' title='bbox 365 4581 492 4704; x_wconf 42' lang='lat' dir='ltr'>riti:</span> <span class='ocrx_word' id='word_1_340' title='bbox 536 4571 1079 4720; x_wconf 63' lang='lat' dir='ltr'>;.,ertt³2tthttrhh,†</span> <span class='ocrx_word' id='word_1_341' title='bbox 1087 4613 1213 4718; x_wconf 50' lang='grc' dir='ltr'>Μ...</span> 
     </span>
     <span class='ocr_line' id='line_1_40' title="bbox 137 4724 1008 4798; baseline 0.033 -28"><span class='ocrx_word' id='word_1_342' title='bbox 137 4724 204 4779; x_wconf 82' lang='lat' dir='ltr'>Bibl.</span> <span class='ocrx_word' id='word_1_343' title='bbox 218 4727 276 4780; x_wconf 82' lang='lat' dir='ltr'>ecel.</span> <span class='ocrx_word' id='word_1_344' title='bbox 286 4733 308 4782; x_wconf 90' lang='lat'>1.</span> <span class='ocrx_word' id='word_1_345' title='bbox 964 4733 1008 4798; x_wconf 69' lang='lat'>20</span> 
     </span>
    </p>
   </div>
   <div class='ocr_carea' id='block_1_16' title="bbox 0 0 1474 5060">
    <p class='ocr_par' dir='ltr' id='par_1_16' title="bbox 0 0 1474 5060">
     <span class='ocr_line' id='line_1_41' title="bbox 0 0 1474 5060; baseline 0 0"><span class='ocrx_word' id='word_1_346' title='bbox 0 0 1474 5060; x_wconf 95' lang='lat' dir='ltr'> </span> 
     </span>
    </p>
   </div>
  </div>
 </body>
</html>
