2928 5044
360 340 364 347 ,
432 255 653 326 οοαοιυυα
676 228 968 341 ι’ρυιαιειοιτου.ί
1059 239 1068 256 ’
1227 259 1271 326 οο

112 427 151 496 δέ
167 451 219 503 τις
234 423 290 498 έπλ
311 419 418 515 τούτῳ
436 426 624 514 φωραθείη,
646 432 677 496 εί
692 431 759 514 μέν
773 419 926 515 κληρικδς
939 423 1002 514 εἴη,
1024 426 1270 515 καθαιρείσθω,
1330 435 1332 438 ’

111 517 143 582 εἰ
165 513 202 582 δέ
221 505 349 599 λαῖκδς,
371 508 594 600 οίφοριζέσθω.
806 545 808 550 ·

429 669 431 676 η
593 596 790 664 Lxxvlu.
1184 675 1186 681 Α
1295 667 1305 679 ,

193 676 274 748 Ὅτι
296 679 348 750 δεῖ
366 675 449 757 τούς
468 684 718 767 φωτιζομένους
738 677 804 767 τήν
823 681 937 750 πίστιν
958 671 1191 772 ἐκμανθάνειν
1211 680 1267 750 καί

111 766 157 856 τῇ
177 766 318 876 πέμπτη
344 767 406 854 τῆς
435 764 627 854 ἑβδομάδος
647 764 864 858 ἀπαγγέλλειν
889 773 937 860 τῷ
954 757 1122 858 έπισιιέπῳ
1147 763 1171 852 ἢ
1197 780 1269 843 τοῖς

113 855 365 940 πρεσβυτέροις.
606 935 775 1006 LXXIX·

199 1014 404 1108 Ἀλδχευτον
420 1015 484 1092 τδν
503 1027 538 1092 ἐκ
552 1023 613 1111 τῆς
626 1023 804 1108 παρθένον
820 1031 919 1092 θεῖον
936 1014 1038 1117 τέκον
1056 1015 1270 1108 δμολογούν-

115 1130 171 1181 τες
192 1100 237 1181 ω’ς
264 1112 319 1174 καί
342 1103 498 1214 οίσπύρως
520 1100 692 1176 συστάντα
714 1111 769 1176 καί
789 1111 892 1178 παντί
914 1109 960 1198 τῳ
981 1107 1124 1196 ποιμνίῳ
1145 1100 1269 1193 κηρύτ·

117 1211 249 1270 τοντες,
272 1188 354 1269 τούς
372 1198 403 1270 ἐξ
421 1196 560 1282 αγνοίας
580 1187 794 1278 πράττοντές
814 1219 846 1263 τι
867 1194 936 1263 τῶν
957 1189 999 1262 ου’
1014 1184 1161 1260 δεόντων
1180 1193 1269 1279 διορ«

45 1281 48 1298 “
114 1271 222 1344 θύσει
243 1272 575 1364 καθυποβάλλομεν·
599 1279 686 1350 ὅθεν
707 1275 821 1366 ἐπειδή
844 1303 934 1355 τινες
954 1271 1044 1369 μετά
1056 1272 1121 1365 τήν
1137 1273 1270 1366 ἡμέραν

114 1365 178 1446 τῆς
198 1355 297 1450 άγίας
312 1363 342 1442 ¹)
364 1365 428 1432 τού
448 1366 535 1432 θεοῦ
554 1360 654 1448 ήμῶν
674 1357 862 1454 γεννήσεως
882 1365 1074 1433 δείκνυνται
1095 1364 1271 1449 σεμίδαλιν
1338 1371 1341 1377 ’

117 1455 260 1533 έφοντες
281 1450 337 1516 καί
355 1443 483 1534 ταύτην
497 1451 528 1533 ²)
550 1447 702 1538 ἀλλήλοις
718 1441 968 1537 μεταδιδόντες,
990 1443 1157 1535 προφάσει
1168 1448 1270 1536 τιμής

116 1533 227 1616 δῆθεν
247 1535 385 1622 λοχειοῐν
405 1537 465 1620 τής
485 1529 653 1624 οίχροίντου
674 1529 1000 1640 παρθενομήτορος,
1020 1531 1178 1620 ὁρίζομεν
1199 1559 1270 1620 μη·

118 1618 177 1686 δέν
197 1621 353 1688 τοιοῦτον
363 1612 435 1688 ύπδ
452 1621 520 1689 τῶν
534 1623 663 1702 πιστῶν
678 1623 866 1689 τελεῖσθαι·
891 1646 931 1688 ου
942 1616 1010 1728 ,γάρ
1023 1617 1107 1705 τιμή
1116 1645 1154 1708 γε
1167 1621 1268 1688 τούτο

117 1703 162 1793 τῇ
181 1705 341 1795 παρθένῳ
369 1705 413 1794 τῇ
431 1698 516 1793 σ’πέρ
539 1707 624 1774 νούν
645 1709 699 1776 καί
721 1702 822 1794 λόγον
848 1699 911 1773 τδν
933 1729 1105 1813 αχωρητον
1127 1697 1268 1795 τεκούσῃ

117 1783 221 1875 λόγον
243 1793 353 1878 σαρκί,
373 1797 407 1858 ἐκ
428 1792 496 1857 τῶν
517 1793 639 1859 κοινῶν
652 1819 688 1859 τε
709 1795 765 1882 καί
787 1787 869 1859 καθ’
882 1787 975 1895 ἡμᾶς
995 1817 1037 1860 τα
1053 1793 1083 1876 ³)
1106 1785 1192 1858 κατοί
1206 1787 1270 1856 τδν

116 1869 291 1979 άφραστον
312 1873 418 1962 αύτής
438 1871 541 1980 ῳδκον
561 1873 758 1982 δρίζεινικαί
778 1871 1008 1966 ύπογραφειν·
1035 1881 1065 1946 εἰ
1085 1873 1122 1940 δέ
1135 1902 1186 1952 τις
1206 1869 1270 1943 οὖν

117 1985 185 2026 απο
207 1963 268 2030 τού
289 1965 355 2029 νύν
376 1986 538 2047 πραττειν
558 1962 717 2030 τοιοῦτον
738 1988 770 2029 σι
792 1964 986 2050 φωραθείη,
1016 1965 1047 2030 εί
1065 1964 1133 2046 μέν
1147 1963 1270 2049 οιληρι·

115 2039 174 2121 κδς
195 2050 257 2134 εἴη,
279 2047 528 2135 καθαιρείσθω,
550 2052 580 2116 εἰ
602 2048 637 2115 δέ
659 2045 786 2129 λαϊκδς,
809 2044 1019 2136 οίφοριζέοθω
1036 2051 1077 2130 ⁴).

621 2147 772 2214 LXXX.

200 2235 252 2300 Εἴ
274 2257 326 2309 τις
350 2231 529 2310 ἐπίσκοπος
557 2231 582 2320 ή
609 2227 836 2323 πρεσβύτερος
864 2232 887 2320 ἢ
913 2224 1068 2308 διάκονος
1098 2227 1121 2318 ή
1147 2229 1214 2300 τοῖν
1232 2236 1270 2300 έν

115 2312 222 2407 κλήρῳ
243 2319 522 2408 καταλεγομένων
543 2317 566 2404 ἢ
586 2316 720 2404 λαϊιιδς,
747 2326 777 2388 εἰ
796 2320 972 2408 μηδεμίαν
992 2311 1140 2423 άνιίγκην
1160 2320 1271 2402 βαρυ·

117 2403 219 2488 πέραν
238 2409 306 2493 ἔχοι
326 2401 349 2489 ἢ
368 2407 510 2493 πρᾶγμα
532 2406 703 2496 δυςχερές,
733 2402 818 2474 ὥστε
838 2409 892 2476 έπί
911 2406 1070 2474 πλεῖστον
1091 2404 1273 2472 απολείπεέ

119 2495 212 2554 σθαι
225 2493 287 2572 τῆς
307 2485 413 2558 αύιοιί
432 2492 617 2576 ἐκκλησίας,
640 2487 710 2560 ἁλλ’
729 2497 766 2558 ἐν
786 2487 880 2560 πόλει
900 2483 1023 2580 διάγων
1043 2504 1133 2574 τρεῖς
1154 2513 1271 2580 κυρια-

119 2569 185 2648 κοίς
204 2566 332 2658 ἡμέρας
353 2581 387 2642 έν
399 2577 507 2662 τρισίν
530 2570 696 2664 ἑβδομάσι
709 2572 760 2682 μή
775 2578 978 2662 συνέρχοιτο,
1000 2577 1031 2640 εί
1042 2579 1109 2659 μέν
1121 2571 1271 2658 κληρικδς

116 2663 191 2744 εἴη,
214 2659 455 2744 καθαιρείσθω,
479 2665 510 2730 εἰ
528 2662 565 2730 δέ
584 2657 711 2742 λαῖκδς,
732 2663 961 2734 αποκινείοθω
982 2661 1044 2745 της
1064 2661 1248 2734 κοινωνίας.

200 2841 404 2932 Ἐπειδήπερ
428 2850 467 2916 έν
487 2870 554 2916 τισι
574 2843 691 2936 χώραις
710 2841 971 2935 μεμαθήκαμεν
992 2850 1030 2913 έν
1050 2841 1098 2931 τῷ
1118 2843 1270 2932 τριςαγίῳ

117 2927 219 3020 ὕμνῳ
238 2939 275 3000 έν
295 2928 494 3018 προςθήκης
515 2934 615 3020 μέρει·
631 2941 856 3018 έκφωνεῖσθαι
875 2926 963 3022 μετοί
981 2923 1021 3000 τδ
1036 2925 1156 3016 ’Ἅγιοι
1175 2926 1271 3031 οίθά-
1319 2959 1322 2966 ·

117 3043 219 3095 νατος
237 3014 278 3085 τδ
295 3013 339 3083 Ὁ
353 3022 561 3106 σταυρωθείς
583 3015 624 3088 δι’
644 3017 738 3108 ήμοίς
757 3020 894 3106 ἐλέησον
907 3015 1012 3106 ήμᾶς,
1031 3019 1133 3084 τούτο
1151 3015 1187 3084 δέ
1200 3010 1269 3084 υπδ

118 3105 188 3171 ταῖν
211 3105 364 3171 παλαιαῑν
385 3099 489 3192 οίγίων
509 3107 664 3190 πατέρων
693 3101 738 3182 τίς
764 3107 825 3211 τής
846 3102 1018 3192 εὐσεβείας
1039 3097 1215 3188 άλλότριον
1236 3107 1271 3168 εἰι

118 3190 183 3258 τού
200 3182 355 3256 τοιούτου
375 3181 540 3277 οἷπηλοίθη
556 3196 586 3274 ⁵)
616 3187 732 3298 ύμνου
760 3215 824 3260 συν
849 3192 898 3279 τῷ
922 3184 987 3275 τήν
1016 3180 1177 3272 τοιαύτην
1199 3211 1272 3273 φω-

118 3271 187 3360 νήν
208 3269 491 3363 καινουργήοαντι
512 3300 701 3367 παρανομῳ
723 3279 893 3366 αίρετικῷ·
926 3268 1101 3358 καλήμεῖς
1122 3273 1272 3359 κυροῦν·
1348 3285 1350 3291 ’

117 3386 173 3436 τες
186 3356 229 3428 τά
244 3359 337 3444 παρά
354 3363 423 3430 ταῖν
437 3355 541 3449 οἷγίων
554 3363 708 3447 πατέρων
718 3358 817 3449 ήμῶν
832 3363 915 3448 πρίν
930 3359 960 3445 ⁰)
976 3355 1122 3444 εὐσεβῶς
1135 3367 1273 3465 θεσμο-

118 3447 318 3530 θετηθέντα
339 3441 643 3532 οίναθεματίζομεν
663 3442 745 3524 τούς
766 3455 814 3516 ἔτι
829 3442 919 3534 μετά
939 3437 1003 3515 τδν
1016 3435 1170 3530 παρέντα
1189 3467 1272 3530 ορον

117 3531 417 3618 παραδεχομένους
442 3527 505 3616 τήν
525 3527 685 3618 τοιαύτην
707 3528 825 3622 φωνήν
852 3527 903 3601 ἐπ’
921 3530 1105 3617 ἐκκλησίαις
1123 3529 1147 3614 ἢ
1166 3523 1273 3605 άλλως

116 3642 190 3693 πως
217 3621 264 3704 τῳ
292 3618 446 3706 τριςαγίῳ
474 3613 574 3706 ὕμνῳ
598 3611 851 3698 συνάπτοντας,
881 3618 936 3686 καὶ
965 3619 995 3704 σι’
1021 3621 1088 3700 μέν
1110 3609 1273 3702 ίερατικός

118 3711 212 3771 ἐστιν
235 3695 259 3768 0‘
275 3695 475 3788 παραβάτης
494 3703 563 3770 τύν
580 3697 808 3790 δριοθέντων,
837 3699 1127 3790 οίπαγυμνούοθαι
1146 3702 1272 3770 τούτου

117 3789 368 3874 κη’ςίερατικής
396 3785 488 3866 α’ξίας
508 3784 785 3876 προςτάττομεν,
816 3793 846 3858 εἰ
867 3779 1037 3870 δέλαϊκδς
1064 3783 1088 3874 ή
1108 3781 1272 3877 μοναχδς,

118 3869 397 3961 α’φορίζεσθαιί).
559 3894 566 3908 ·
734 3898 738 3909 ·
832 3885 835 3892 ’

602 3953 789 4023 LXXXII.

197 4035 268 4108 Ἐν
289 4065 355 4108 τισι
375 4041 442 4109 ταῖν
459 4041 590 4113 σεπτύν
604 4037 743 4110 εἰκόνων
756 4054 901 4130 γραφαῖς
916 4032 1030 4143 οἷμγδς
1043 4035 1190 4130 δακτύλῳ
1208 4041 1273 4112 τού

118 4123 319 4230 προδρήμου
333 4120 547 4232 δεικνύμενος
562 4123 868 4236 έγγαροιίττεται,ιδς
884 4131 932 4229 εἰς
942 4149 1050 4230 τῳπον
1064 4119 1273 4228 παρελήφθη

119 4238 180 4298 της
200 4236 352 4316 χγριτξῖς,
383 4237 447 4280 τον
469 4215 638 4320 ῳληθινον
660 4227 745 4316 ημῖγ
766 4215 819 4282 δια
841 4233 1035 4315 τουὶνομου
1055 4213 1274 4318 προυπῳφαή·

1447 4265 1448 4289 ι

119 4321 188 4366 νων
209 4321 327 4384 αμνον
348 4299 502 4385 Χριοτον
521 4323 584 4368 κον
604 4294 693 4368 θεδν
713 4299 830 4386 ημύν·
852 4321 931 4373 τους
952 4289 1016 4365 ούν
1036 4299 1199 4376 παλαιους
1212 4324 1274 4368 τυ·
1336 4367 1342 4376 ,
1446 4335 1447 4388 i

120 4423 321 4442 μ

158 4481 189 4544 ¹)
207 4483 329 4550 Χριστοῦ
346 4483 407 4536 εδδ.
426 4485 489 4538 Bev.
523 4516 559 4527 —
595 4489 624 4552 ἱ)
641 4481 738 4551 ταύτης
755 4485 819 4540 Rev.
852 4509 887 4526 -
922 4486 952 4553 ⁸)
968 4481 1003 4538 κά
1021 4481 1104 4538 omitt.
1125 4485 1213 4538 aBev.
1237 4506 1274 4520 ·-

157 4551 720 4624 ⁴)Gies01er1.o.v01.1„p.567n0t.c0.
748 4580 783 4594 -
818 4555 847 4620 ἃ)
865 4548 998 4608 duamur
1014 4555 1079 4606 Βοκ.
1096 4579 1130 4594 -
1165 4551 1194 4613 ⁸)
1210 4553 1273 4621 πρίν

192 4619 276 4674 omitt.
293 4623 383 4678 εΒοκ.
407 4650 441 4665 -
477 4625 505 4690 ¹)
524 4625 644 4678 Gieseler
656 4627 673 4678 1.
688 4623 938 4690 0.v01.1,p.639‹1.
973 4621 1126 4676 Rheinwald
1144 4637 1170 4692 ρ.
1181 4620 1242 4672 267.
